period,stateid,stateDescription,sectorid,sectorName,customers,price,revenue,sales
2023-12,LA,Louisiana,ALL,all sectors,2455701,8.69,614.41323,7074.35436
2023-12,ME,Maine,ALL,all sectors,851039,22.14,201.39012,909.57582
2023-12,MD,Maryland,ALL,all sectors,2712852,14.96,737.07054,4927.44023
2023-12,MA,Massachusetts,ALL,all sectors,3353826,23.1,927.81839,4017.08953
2023-12,MI,Michigan,ALL,all sectors,5071884,13.78,1107.77412,8039.68803
2023-12,MN,Minnesota,ALL,all sectors,2884934,11.46,644.34564,5621.47769
2022-06,US,U.S. Total,ALL,all sectors,160432545,12.75,44271.98187,347106.33234
2024-01,IA,Iowa,ALL,all sectors,1721795,8.93,442.92216,4958.99005
2024-01,KS,Kansas,ALL,all sectors,1605142,10.89,397.55148,3652.10743
2024-01,KY,Kentucky,ALL,all sectors,2381767,10.61,731.15379,6893.33102
2024-01,LA,Louisiana,ALL,all sectors,2488041,8.41,675.48942,8033.55211
2024-07,MI,Michigan,ALL,all sectors,5103006,14.87,1448.50622,9740.86941
2024-07,MN,Minnesota,ALL,all sectors,2924644,13.33,811.70378,6088.49792
2024-07,MS,Mississippi,ALL,all sectors,1633144,10.99,557.34852,5069.3951
2024-07,MO,Missouri,ALL,all sectors,3290292,12.86,1007.96264,7839.50796
2024-07,MT,Montana,ALL,all sectors,691811,11.31,153.94656,1361.39563
2024-07,NE,Nebraska,ALL,all sectors,1143778,9.73,333.79083,3431.80881
2024-07,NV,Nevada,ALL,all sectors,1494540,11.59,566.1862,4886.43522
2024-07,NH,New Hampshire,ALL,all sectors,764733,19.74,225.48837,1142.23868
2024-07,NJ,New Jersey,ALL,all sectors,4278607,18.12,1527.86012,8431.67688
2024-07,NM,New Mexico,ALL,all sectors,1075334,10.43,309.08469,2964.01191
2024-07,AL,Alabama,ALL,all sectors,2802231,12.13,1060.24611,8742.89046
2024-07,AK,Alaska,ALL,all sectors,359488,22.06,103.61315,469.75863
2024-07,AZ,Arizona,ALL,all sectors,3446008,13.54,1474.74956,10893.37848
2024-07,AR,Arkansas,ALL,all sectors,1737674,9.93,503.01196,5063.64929
2024-07,CA,California,ALL,all sectors,16331144,30.39,7759.3232,25531.44162
2024-07,CO,Colorado,ALL,all sectors,2911024,13.06,731.39918,5599.25931
2024-07,CT,Connecticut,ALL,all sectors,1711863,23.84,699.67967,2934.86614
2024-07,DE,Delaware,ALL,all sectors,531487,13.28,158.49718,1193.83505
2024-07,DC,District of Columbia,ALL,all sectors,346419,16.79,175.965,1048.20565
2024-07,FL,Florida,ALL,all sectors,11733027,12.24,3244.71826,26515.26178
2024-07,GA,Georgia,ALL,all sectors,5469127,13,1935.52087,14893.95955
2024-07,HI,Hawaii,ALL,all sectors,506656,37.4,289.47647,773.94163
2024-07,ID,Idaho,ALL,all sectors,1017814,9.96,291.08865,2923.90867
2024-07,IL,Illinois,ALL,all sectors,6008717,12.61,1648.63172,13071.70942
2024-07,IN,Indiana,ALL,all sectors,3399612,11.63,1092.31649,9390.10456
2024-07,IA,Iowa,ALL,all sectors,1727825,11.02,543.90746,4933.56703
2024-07,KS,Kansas,ALL,all sectors,1621849,12.44,533.10965,4285.79454
2024-07,KY,Kentucky,ALL,all sectors,2373392,10.29,727.13635,7067.5639
2024-07,LA,Louisiana,ALL,all sectors,2506300,8.88,862.37948,9716.39849
2024-07,ME,Maine,ALL,all sectors,869032,18.59,184.85583,994.49255
2024-07,MD,Maryland,ALL,all sectors,2719851,14.98,933.871,6233.48722
2024-07,MA,Massachusetts,ALL,all sectors,3409533,24.11,1111.4762,4610.67397
2022-09,NV,Nevada,ALL,all sectors,1450307,12.79,484.03717,3783.71254
2022-09,NH,New Hampshire,ALL,all sectors,758524,24.62,214.26176,870.11979
2022-09,NJ,New Jersey,ALL,all sectors,4228304,15.01,908.75246,6056.14263
2022-09,NC,North Carolina,ALL,all sectors,5630348,10.3,1152.62915,11186.51728
2022-09,ND,North Dakota,ALL,all sectors,479287,8.72,174.267,1999.23365
2022-09,OH,Ohio,ALL,all sectors,5720060,11.08,1343.2867,12120.37807
2022-09,OK,Oklahoma,ALL,all sectors,2166227,11.33,685.18088,6048.11633
2022-09,OR,Oregon,ALL,all sectors,2101949,9.4,403.43688,4293.74325
2022-09,PA,Pennsylvania,ALL,all sectors,6253923,12.55,1497.94235,11935.21276
2024-04,MAT,Middle Atlantic,ALL,all sectors,19173649,15.23,3970.82589,26070.21816
2024-04,ENC,East North Central,ALL,all sectors,23564176,12.05,4915.76018,40792.96682
2024-04,WNC,West North Central,ALL,all sectors,11670044,10.09,2355.0517,23337.85548
2024-04,SAT,South Atlantic,ALL,all sectors,34649655,11.9,7397.91542,62153.53039
2024-04,ESC,East South Central,ALL,all sectors,10390676,10.97,2428.93017,22147.84639
2024-04,WSC,West South Central,ALL,all sectors,20641077,9.24,4492.59885,48620.23251
2024-04,MTN,Mountain,ALL,all sectors,12318115,10.78,2368.12773,21962.44609
2024-04,PACC,Pacific Contiguous,ALL,all sectors,21921119,19.75,5680.91736,28769.78954
2024-04,PACN,Pacific Noncontiguous,ALL,all sectors,864929,32.65,382.64608,1172.13079
2024-04,US,U.S. Total,ALL,all sectors,162779638,12.65,35865.9319,283432.48897
2024-04,OR,Oregon,ALL,all sectors,2147029,11.22,464.72666,4142.4384
2024-04,PA,Pennsylvania,ALL,all sectors,6306297,12.31,1318.42334,10713.28816
2023-03,PACN,Pacific Noncontiguous,ALL,all sectors,860543,32.43,408.8351,1260.61709
2023-03,US,U.S. Total,ALL,all sectors,161937082,12.46,38170.74212,306453.94244
2023-12,AL,Alabama,ALL,all sectors,2744174,11.19,775.01833,6928.03815
2023-12,AK,Alaska,ALL,all sectors,355023,22.17,125.94351,567.99891
2023-12,AZ,Arizona,ALL,all sectors,3455506,12,718.08824,5983.00675
2023-12,AR,Arkansas,ALL,all sectors,1708212,9.17,355.68481,3877.48703
2023-12,CA,California,ALL,all sectors,16067631,24.09,4494.91506,18660.12634
2023-12,CO,Colorado,ALL,all sectors,2948669,11.41,537.47428,4709.74919
2023-12,CT,Connecticut,ALL,all sectors,1705948,23.04,527.17175,2288.4249
2023-12,DE,Delaware,ALL,all sectors,532194,13.43,122.13794,909.51453
2023-12,DC,District of Columbia,ALL,all sectors,342966,17.32,133.74286,772.04747
2023-12,FL,Florida,ALL,all sectors,11620409,13.41,2383.69051,17769.96915
2023-12,GA,Georgia,ALL,all sectors,5375003,10.58,1218.58112,11522.43546
2023-12,HI,Hawaii,ALL,all sectors,506841,38.47,289.07946,751.53693
2023-12,ID,Idaho,ALL,all sectors,1007997,9.46,202.62471,2142.72762
2023-12,IL,Illinois,ALL,all sectors,6051742,11.25,1212.55802,10777.00125
2023-12,IN,Indiana,ALL,all sectors,3429753,11.28,880.98067,7807.9852
2023-12,IA,Iowa,ALL,all sectors,1704965,8.42,392.9503,4665.84714
2023-12,KS,Kansas,ALL,all sectors,1583636,10.16,318.02352,3128.84983
2023-12,KY,Kentucky,ALL,all sectors,2398817,9.88,587.32381,5942.18343
2009-10,NM,New Mexico,ALL,all sectors,989597,8.06,140.21476,1740.16877
2009-10,NY,New York,ALL,all sectors,7970230,15.77,1725.33287,10938.84467
2009-10,NC,North Carolina,ALL,all sectors,4841620,8.68,831.18915,9581.00283
2009-10,ND,North Dakota,ALL,all sectors,384141,6.66,67.13892,1007.42951
2009-10,OH,Ohio,ALL,all sectors,5504441,8.78,1021.37848,11632.24583
2009-10,OK,Oklahoma,ALL,all sectors,1930859,7.1,285.16288,4017.31056
2009-10,OR,Oregon,ALL,all sectors,1885893,7.54,277.64373,3683.60355
2009-10,PA,Pennsylvania,ALL,all sectors,5943287,9.52,1057.37035,11104.81465
2009-10,RI,Rhode Island,ALL,all sectors,487659,14.12,84.93955,601.48379
2009-10,SC,South Carolina,ALL,all sectors,2436131,8.4,490.49153,5841.64144
2009-10,SD,South Dakota,ALL,all sectors,439849,7.5,63.08124,840.6725
2009-10,TN,Tennessee,ALL,all sectors,3154504,8.36,612.72268,7330.33875
2009-10,TX,Texas,ALL,all sectors,11107112,9.39,2617.82473,27872.07234
2009-10,UT,Utah,ALL,all sectors,1061848,6.89,147.66988,2144.33078
2009-10,VT,Vermont,ALL,all sectors,358336,12.98,57.47036,442.80856
2009-10,VA,Virginia,ALL,all sectors,3607085,8.69,702.02239,8078.59214
2009-10,WA,Washington,ALL,all sectors,3203820,6.55,445.66715,6806.7732
2009-10,WV,West Virginia,ALL,all sectors,1014814,6.75,159.20595,2358.44299
2009-10,WI,Wisconsin,ALL,all sectors,2931202,9.16,491.70881,5365.7137
2009-10,WY,Wyoming,ALL,all sectors,324993,6.28,88.95855,1416.35646
2009-10,NEW,New England,ALL,all sectors,7004128,15.33,1462.23006,9538.35458
2019-12,DE,Delaware,ALL,all sectors,498957,10.22,98.1708,961.03798
2019-12,DC,District of Columbia,ALL,all sectors,312034,12.05,103.48338,858.80903
2019-12,FL,Florida,ALL,all sectors,10991721,10.33,1785.38244,17289.81831
2008-08,WY,Wyoming,ALL,all sectors,322635,5.85,82.14972,1403.597
2008-08,NEW,New England,ALL,all sectors,7001009,16.94,1834.44672,10831.12092
2008-08,MAT,Middle Atlantic,ALL,all sectors,17785722,14.87,5104.18834,34314.01266
2009-10,WSC,West South Central,ALL,all sectors,16809036,8.56,3610.20186,42166.17951
2009-10,MTN,Mountain,ALL,all sectors,10278125,8.57,1772.21617,20673.6189
2009-10,PACC,Pacific Contiguous,ALL,all sectors,20126267,11.23,3730.03196,33214.2718
2010-10,MTN,Mountain,ALL,all sectors,10336786,8.47,1772.46446,20928.96883
2010-10,PACC,Pacific Contiguous,ALL,all sectors,20148226,11.16,3680.27702,32972.99164
2010-10,PACN,Pacific Noncontiguous,ALL,all sectors,798547,21.38,295.76307,1383.50852
2010-10,US,U.S. Total,ALL,all sectors,144494350,9.81,28233.95789,287839.79568
2010-11,MO,Missouri,ALL,all sectors,3076222,7.38,445.12842,6030.21604
2010-11,MT,Montana,ALL,all sectors,573731,7.97,90.09452,1130.1001
2010-11,NE,Nebraska,ALL,all sectors,986822,7.05,158.38775,2247.71186
2008-08,ENC,East North Central,ALL,all sectors,22013570,9,4760.85525,52893.31435
2008-08,WNC,West North Central,ALL,all sectors,10609260,8.01,2175.57485,27145.78545
2008-08,SAT,South Atlantic,ALL,all sectors,29193892,9.95,7683.64155,77200.48908
2008-08,ESC,East South Central,ALL,all sectors,9364327,8.46,2633.38893,31133.66597
2008-08,WSC,West South Central,ALL,all sectors,16697667,11.16,6026.87982,53998.94069
2008-08,MTN,Mountain,ALL,all sectors,10294963,8.92,2434.6616,27282.37593
2008-08,PACC,Pacific Contiguous,ALL,all sectors,19908262,11.84,4219.37092,35651.36512
2008-08,PACN,Pacific Noncontiguous,ALL,all sectors,790195,26.59,373.63373,1405.35826
2008-08,US,U.S. Total,ALL,all sectors,143658867,10.59,37246.64169,351856.42843
2009-10,WNC,West North Central,ALL,all sectors,10453952,7.36,1574.90997,21408.81876
2009-10,SAT,South Atlantic,ALL,all sectors,29240625,9.86,6130.74246,62170.52078
2009-10,ESC,East South Central,ALL,all sectors,9348881,7.63,1919.76445,25149.16596
2009-10,MAT,Middle Atlantic,ALL,all sectors,17874343,12.85,3564.5006,27749.90527
2009-10,ENC,East North Central,ALL,all sectors,21959126,8.71,3801.65499,43625.16766
2008-03,MI,Michigan,ALL,all sectors,4826365,8.56,748.92306,8750.98935
2008-03,MN,Minnesota,ALL,all sectors,2558724,7.42,433.24124,5840.98679
2008-03,MS,Mississippi,ALL,all sectors,1466070,8.07,291.6958,3613.93912
2008-03,MO,Missouri,ALL,all sectors,3052151,6.01,411.1254,6844.66694
2008-03,MT,Montana,ALL,all sectors,568091,7.66,98.32184,1282.92268
2008-03,NE,Nebraska,ALL,all sectors,1011122,6.33,147.03182,2321.13445
2008-03,NV,Nevada,ALL,all sectors,1208413,9.82,244.29595,2488.44799
2008-03,NH,New Hampshire,ALL,all sectors,697872,13.87,127.31586,917.70156
2008-03,NJ,New Jersey,ALL,all sectors,3884744,12.84,815.94207,6353.81432
2008-03,NM,New Mexico,ALL,all sectors,979523,7.48,126.78046,1694.72356
2008-03,NY,New York,ALL,all sectors,7927565,15.02,1753.01387,11670.29245
2008-03,NC,North Carolina,ALL,all sectors,4786631,7.61,745.10704,9788.44234
2008-03,ND,North Dakota,ALL,all sectors,375719,6.46,73.80805,1141.94147
2008-03,OH,Ohio,ALL,all sectors,5536669,7.97,1098.98877,13791.27825
2008-03,OK,Oklahoma,ALL,all sectors,1910554,6.89,291.2716,4227.38058
2008-03,OR,Oregon,ALL,all sectors,1872197,7.32,317.03083,4333.59777
2008-03,PA,Pennsylvania,ALL,all sectors,5934240,9.06,1171.05441,12923.20916
2008-03,RI,Rhode Island,ALL,all sectors,491655,15.74,95.22043,605.12878
2008-03,SC,South Carolina,ALL,all sectors,2404958,7.21,444.10456,6160.92259
2010-05,LA,Louisiana,ALL,all sectors,2242828,7.54,480.13533,6365.6832
2010-05,ME,Maine,ALL,all sectors,790304,12.45,112.60491,904.24627
2010-05,MD,Maryland,ALL,all sectors,2451284,12.42,606.80304,4884.5607
2010-06,FL,Florida,ALL,all sectors,9714561,10.73,2335.02384,21765.52057
2010-06,GA,Georgia,ALL,all sectors,4630604,9.43,1216.4361,12898.12312
2010-11,WI,Wisconsin,ALL,all sectors,2932357,9.68,514.02046,5312.44332
2010-11,WY,Wyoming,ALL,all sectors,325207,6.21,90.28287,1452.96032
2010-12,NE,Nebraska,ALL,all sectors,990373,7,184.05106,2627.80912
2019-09,GA,Georgia,ALL,all sectors,5036324,10.4,1385.05454,13314.6475
2019-09,HI,Hawaii,ALL,all sectors,499510,28.06,241.38008,860.16516
2019-09,ID,Idaho,ALL,all sectors,908873,7.65,142.95834,1869.07637
2019-09,IL,Illinois,ALL,all sectors,5947449,9.28,1094.91858,11794.83779
2019-11,DE,Delaware,ALL,all sectors,498237,10.67,90.12888,844.96714
2019-11,DC,District of Columbia,ALL,all sectors,311594,12.73,103.13815,810.40575
2019-11,FL,Florida,ALL,all sectors,10984431,10.76,1918.29914,17831.26089
2019-12,CA,California,ALL,all sectors,15967442,16.05,3439.21121,21427.79741
2019-12,CO,Colorado,ALL,all sectors,2783526,9.42,447.5016,4750.3636
2019-12,CT,Connecticut,ALL,all sectors,1671467,18.14,457.42648,2522.30021
2008-08,SC,South Carolina,ALL,all sectors,2422758,8.42,671.9798,7976.97264
2008-08,SD,South Dakota,ALL,all sectors,435833,7.42,73.05064,983.90735
2008-08,TN,Tennessee,ALL,all sectors,3157223,8.26,813.18714,9841.65293
2008-08,TX,Texas,ALL,all sectors,11038396,11.9,4239.99991,35633.21544
2008-08,UT,Utah,ALL,all sectors,1051292,7.05,194.59809,2761.59495
2008-08,VT,Vermont,ALL,all sectors,356841,12.29,60.31818,490.72334
2008-08,VA,Virginia,ALL,all sectors,3583001,8.93,904.98554,10134.07444
2008-08,WA,Washington,ALL,all sectors,3183120,6.49,440.7392,6788.88402
2008-08,WV,West Virginia,ALL,all sectors,1010702,5.82,162.34063,2788.53648
2008-08,WI,Wisconsin,ALL,all sectors,2921562,9.42,591.64475,6279.62138
2008-09,MS,Mississippi,ALL,all sectors,1473177,9.6,411.73334,4289.684
2008-09,MO,Missouri,ALL,all sectors,3060502,7.12,487.17586,6837.87333
2008-09,MT,Montana,ALL,all sectors,566969,8.15,96.68345,1186.77106
2008-09,NE,Nebraska,ALL,all sectors,1014113,7.27,168.27313,2314.84981
2008-09,NV,Nevada,ALL,all sectors,1214234,9.88,319.88831,3236.84574
2008-09,NH,New Hampshire,ALL,all sectors,702275,15.17,135.34557,892.31984
2008-09,NJ,New Jersey,ALL,all sectors,3900184,15.44,1077.2359,6974.71847
2008-09,NM,New Mexico,ALL,all sectors,983371,9.01,168.67899,1872.04129
2008-09,NY,New York,ALL,all sectors,7938395,17.6,2241.46584,12734.58946
2008-09,NC,North Carolina,ALL,all sectors,4829493,8.29,944.1415,11383.72077
2008-08,NY,New York,ALL,all sectors,7942439,18.81,2571.90345,13669.57171
2008-08,NC,North Carolina,ALL,all sectors,4816389,8.3,1058.45288,12745.56348
2008-08,ND,North Dakota,ALL,all sectors,378644,7.03,69.9757,994.68711
2008-09,ND,North Dakota,ALL,all sectors,379074,7.15,64.70522,905.6009
2008-10,CA,California,ALL,all sectors,15290906,12.47,2932.54453,23521.79003
2008-10,CO,Colorado,ALL,all sectors,2550599,8.35,346.27334,4146.94163
2008-10,CT,Connecticut,ALL,all sectors,1612503,18.33,435.29718,2374.15967
2008-11,AZ,Arizona,ALL,all sectors,2841988,8.36,440.10173,5261.26775
2008-10,DE,Delaware,ALL,all sectors,441952,12.68,116.79761,920.94504
2008-10,DC,District of Columbia,ALL,all sectors,245312,13.71,122.25235,891.65852
2008-10,FL,Florida,ALL,all sectors,9552302,11.16,2125.08612,19036.4742
2008-10,GA,Georgia,ALL,all sectors,4598469,8.87,905.80427,10213.25903
2008-10,HI,Hawaii,ALL,all sectors,472448,32.28,287.53588,890.7568
2008-11,AR,Arkansas,ALL,all sectors,1517952,7.5,243.96089,3254.65885
2008-11,CA,California,ALL,all sectors,14100214,12.48,2418.08701,19377.18211
2008-12,AL,Alabama,ALL,all sectors,2497357,9.02,614.09444,6811.74905
2008-12,AK,Alaska,ALL,all sectors,316628,14.36,83.50233,581.55858
2009-10,MN,Minnesota,ALL,all sectors,2579758,7.94,412.3598,5191.45869
2009-10,MS,Mississippi,ALL,all sectors,1474484,8.63,333.74002,3866.28497
2009-10,MO,Missouri,ALL,all sectors,3064888,6.97,416.65012,5980.70392
2009-10,MT,Montana,ALL,all sectors,572726,7.68,87.27401,1136.29887
2009-10,NE,Nebraska,ALL,all sectors,986817,7.04,153.03453,2173.11432
2009-10,NV,Nevada,ALL,all sectors,1212629,10.29,263.73315,2562.08954
2009-10,NH,New Hampshire,ALL,all sectors,690011,14.81,124.58939,841.40098
2009-10,NJ,New Jersey,ALL,all sectors,3960826,13.7,781.79738,5706.24594
2008-08,NJ,New Jersey,ALL,all sectors,3909838,16.42,1275.42172,7765.78258
2008-08,NM,New Mexico,ALL,all sectors,983539,9.53,203.28355,2133.07202
2008-09,IL,Illinois,ALL,all sectors,5674924,9.51,1111.55017,11692.18909
2008-09,IN,Indiana,ALL,all sectors,3090550,7.42,649.98717,8754.515
2008-09,IA,Iowa,ALL,all sectors,1544341,7.31,257.521,3523.78494
2008-09,KS,Kansas,ALL,all sectors,1513701,7.61,251.40548,3304.81663
2008-09,KY,Kentucky,ALL,all sectors,2234168,6.46,502.11043,7767.66526
2008-09,LA,Louisiana,ALL,all sectors,2207762,10.46,749.96603,7168.84601
2008-09,ME,Maine,ALL,all sectors,787167,13.58,134.51604,990.78737
2008-09,MD,Maryland,ALL,all sectors,2429038,14.01,731.97178,5223.84679
2008-09,MA,Massachusetts,ALL,all sectors,3042131,16.31,779.34034,4779.65565
2008-09,MI,Michigan,ALL,all sectors,4807025,9.01,799.54495,8877.61579
2008-09,MN,Minnesota,ALL,all sectors,2567197,7.89,431.75896,5474.7219
2010-07,TX,Texas,ALL,all sectors,11223380,9.53,3468.99267,36387.48928
2010-07,UT,Utah,ALL,all sectors,1067731,7.73,223.31175,2889.63511
2010-07,VT,Vermont,ALL,all sectors,359100,13.16,67.37783,512.09555
2010-07,VA,Virginia,ALL,all sectors,3738811,8.99,1020.44279,11352.42387
2010-07,WA,Washington,ALL,all sectors,3212654,6.47,465.4452,7191.64681
2010-07,WV,West Virginia,ALL,all sectors,1016232,7.54,211.21026,2800.16749
2010-10,SAT,South Atlantic,ALL,all sectors,29463782,9.55,5843.36734,61155.64147
2010-10,ESC,East South Central,ALL,all sectors,9403907,8.49,2131.46261,25105.21787
2010-10,WSC,West South Central,ALL,all sectors,16985899,8.67,3777.44332,43588.27571
2010-10,OH,Ohio,ALL,all sectors,5497084,9.12,1049.90073,11515.98286
2010-10,OK,Oklahoma,ALL,all sectors,1949808,7.74,322.75002,4168.8725
2010-10,OR,Oregon,ALL,all sectors,1891525,7.62,275.02828,3607.74035
2010-11,ID,Idaho,ALL,all sectors,793796,6.45,113.88203,1766.45531
2010-11,IL,Illinois,ALL,all sectors,5648178,8.97,947.49067,10567.64066
2010-11,IN,Indiana,ALL,all sectors,3101097,8.11,643.25313,7935.80891
2010-11,IA,Iowa,ALL,all sectors,1552549,7.1,254.58523,3584.24368
2010-12,AR,Arkansas,ALL,all sectors,1531599,6.89,259.44418,3764.77115
2010-12,CA,California,ALL,all sectors,15396947,12.17,2714.2528,22299.20337
2010-07,WI,Wisconsin,ALL,all sectors,2942149,10.18,674.50473,6628.63579
2010-07,WY,Wyoming,ALL,all sectors,327305,6.27,82.56165,1316.37231
2010-12,ID,Idaho,ALL,all sectors,794845,6.49,130.60997,2012.35666
2010-10,NV,Nevada,ALL,all sectors,1218921,9.21,246.37077,2675.12067
2010-10,NH,New Hampshire,ALL,all sectors,707757,15.14,129.68498,856.84298
2010-10,NJ,New Jersey,ALL,all sectors,3944848,13.97,811.88322,5810.20757
2010-10,NM,New Mexico,ALL,all sectors,997776,8.26,151.49169,1834.41957
2010-10,NY,New York,ALL,all sectors,8014054,16.14,1815.12392,11244.35243
2010-10,NC,North Carolina,ALL,all sectors,4862456,8.64,843.33346,9760.08113
2010-10,ND,North Dakota,ALL,all sectors,389703,7.33,71.74596,979.19723
2008-10,AZ,Arizona,ALL,all sectors,2833384,9.19,579.27514,6301.7958
2008-10,AR,Arkansas,ALL,all sectors,1522761,7.66,269.37809,3517.59791
2008-11,AL,Alabama,ALL,all sectors,2496033,9.27,585.31735,6312.27553
2008-11,AK,Alaska,ALL,all sectors,317374,14.6,79.96639,547.75214
2010-11,NV,Nevada,ALL,all sectors,1217212,8.21,197.28706,2403.19956
2010-12,DE,Delaware,ALL,all sectors,448076,11.92,112.63721,945.04491
2010-12,DC,District of Columbia,ALL,all sectors,255708,13.24,134.59021,1016.19559
2010-12,FL,Florida,ALL,all sectors,9738874,10.84,1947.43545,17964.23883
2010-12,GA,Georgia,ALL,all sectors,4610586,8.63,1010.87788,11707.84553
2010-12,HI,Hawaii,ALL,all sectors,477374,26.02,218.4553,839.58013
2010-04,MN,Minnesota,ALL,all sectors,2582791,7.99,399.83819,5006.96919
2010-05,KS,Kansas,ALL,all sectors,1458067,8.21,249.42023,3038.55314
2010-05,KY,Kentucky,ALL,all sectors,2231551,6.5,475.42757,7312.96336
2008-03,DE,Delaware,ALL,all sectors,441248,11.63,111.44738,958.37515
2008-03,DC,District of Columbia,ALL,all sectors,242296,12.52,107.82442,861.09263
2008-03,FL,Florida,ALL,all sectors,9588438,10.26,1657.83275,16164.17178
2008-03,GA,Georgia,ALL,all sectors,4585904,8.13,819.37467,10079.34097
2008-03,HI,Hawaii,ALL,all sectors,472051,26.92,234.14331,869.77098
2008-03,ID,Idaho,ALL,all sectors,777431,5.43,98.88004,1821.26428
2008-03,IL,Illinois,ALL,all sectors,5721430,8.77,1015.10258,11570.64107
2008-03,IN,Indiana,ALL,all sectors,3096792,6.33,570.94443,9023.95305
2008-03,IA,Iowa,ALL,all sectors,1545461,6.52,249.97835,3831.80443
2008-03,KS,Kansas,ALL,all sectors,1507209,7.07,212.8444,3012.50852
2008-03,KY,Kentucky,ALL,all sectors,2229890,5.87,472.49704,8043.02147
2008-03,LA,Louisiana,ALL,all sectors,2197717,8.66,488.49643,5640.61773
2008-03,ME,Maine,ALL,all sectors,784993,13.96,138.09161,989.42471
2008-03,MD,Maryland,ALL,all sectors,2428552,12.11,620.24656,5123.61955
2008-03,MA,Massachusetts,ALL,all sectors,3053087,15.64,717.06518,4584.60772
2009-10,IN,Indiana,ALL,all sectors,3091717,7.36,582.09589,7908.44039
2009-10,IA,Iowa,ALL,all sectors,1549459,7.02,234.4429,3340.90209
2009-10,KS,Kansas,ALL,all sectors,1449040,7.94,228.20246,2874.53774
2009-10,KY,Kentucky,ALL,all sectors,2229051,6.07,458.92306,7555.54882
2009-10,LA,Louisiana,ALL,all sectors,2241634,6.68,458.8965,6870.21749
2009-10,ME,Maine,ALL,all sectors,787913,12.55,124.42473,991.32735
2009-10,MD,Maryland,ALL,all sectors,2441079,12.77,587.36481,4598.4645
2009-10,MA,Massachusetts,ALL,all sectors,3081338,15,657.11348,4379.69807
2009-10,MI,Michigan,ALL,all sectors,4796336,9.32,753.41243,8086.39553
2009-11,CT,Connecticut,ALL,all sectors,1600007,17.95,389.71751,2171.22838
2009-11,DE,Delaware,ALL,all sectors,444198,12.02,97.4581,810.86784
2009-11,DC,District of Columbia,ALL,all sectors,251280,12.91,108.18914,838.15801
2009-11,FL,Florida,ALL,all sectors,9812358,11.52,2019.70892,17536.98059
2009-11,GA,Georgia,ALL,all sectors,4623200,8.29,764.45445,9226.15402
2009-11,HI,Hawaii,ALL,all sectors,474472,23.24,196.77144,846.8021
2009-11,ID,Idaho,ALL,all sectors,787662,6.52,115.93775,1779.50644
2009-11,IL,Illinois,ALL,all sectors,5658402,8.85,922.13857,10421.96674
2009-11,IN,Indiana,ALL,all sectors,3091990,7.29,566.82547,7780.5836
2009-11,IA,Iowa,ALL,all sectors,1545878,6.84,240.5363,3516.25474
2009-12,AZ,Arizona,ALL,all sectors,2870201,8.65,462.19554,5341.39239
2009-12,AR,Arkansas,ALL,all sectors,1525714,7.41,268.28263,3621.18253
2009-12,CA,California,ALL,all sectors,15286390,12.21,2679.31721,21942.67871
2009-12,CO,Colorado,ALL,all sectors,2482197,8.44,377.12813,4470.0187
2009-12,CT,Connecticut,ALL,all sectors,1609884,17.77,451.93391,2542.60766
2008-08,ME,Maine,ALL,all sectors,787113,14.07,142.47558,1012.7243
2008-08,MD,Maryland,ALL,all sectors,2428319,13.73,793.95022,5784.15854
2008-08,MA,Massachusetts,ALL,all sectors,3046497,17.14,859.0358,5012.33464
2008-08,MI,Michigan,ALL,all sectors,4801810,9.67,902.12366,9330.28464
2008-08,MN,Minnesota,ALL,all sectors,2566741,8.42,522.58441,6210.02395
2008-08,MS,Mississippi,ALL,all sectors,1474855,9.91,477.2344,4818.02945
2008-08,MO,Missouri,ALL,all sectors,3150341,8.03,643.56248,8017.47466
2008-08,MT,Montana,ALL,all sectors,567319,8.1,108.496,1340.08881
2008-08,NE,Nebraska,ALL,all sectors,1014391,7.35,206.46633,2809.03882
2008-08,NV,Nevada,ALL,all sectors,1215632,9.87,390.2063,3954.34722
2008-09,DC,District of Columbia,ALL,all sectors,244020,13.8,136.45351,988.89802
2008-09,FL,Florida,ALL,all sectors,9710492,11.16,2493.44975,22344.32224
2008-09,GA,Georgia,ALL,all sectors,4601799,9.29,1114.38402,11994.94758
2008-09,HI,Hawaii,ALL,all sectors,472925,33.32,293.35103,880.40874
2008-09,ID,Idaho,ALL,all sectors,782783,5.88,107.91197,1836.3277
2008-10,AL,Alabama,ALL,all sectors,2496286,9.42,635.22216,6745.79405
2008-10,AK,Alaska,ALL,all sectors,319325,14.64,75.70457,517.25789
2009-09,PA,Pennsylvania,ALL,all sectors,5940943,9.61,1085.32872,11296.05285
2009-09,RI,Rhode Island,ALL,all sectors,492973,14.87,80.32089,540.1569
2010-04,AK,Alaska,ALL,all sectors,320034,14.94,74.91827,501.56775
2010-04,AZ,Arizona,ALL,all sectors,2863657,8.85,439.27218,4960.90168
2010-04,AR,Arkansas,ALL,all sectors,1523288,7.13,235.2592,3297.28929
2010-04,CA,California,ALL,all sectors,15114494,11.79,2389.04434,20255.5442
2010-04,CO,Colorado,ALL,all sectors,2490162,9.21,367.76374,3991.42951
2010-04,CT,Connecticut,ALL,all sectors,1618135,17.56,393.49901,2240.76074
2010-04,DE,Delaware,ALL,all sectors,446252,11.8,97.23766,824.12359
2010-04,DC,District of Columbia,ALL,all sectors,254213,13.37,110.78368,828.63227
2010-04,FL,Florida,ALL,all sectors,9646786,10.67,1639.35901,15364.18987
2010-04,GA,Georgia,ALL,all sectors,4591117,8.37,792.78163,9473.46888
2010-04,HI,Hawaii,ALL,all sectors,475548,24.23,193.92542,800.36956
2010-11,OR,Oregon,ALL,all sectors,1889396,7.69,303.24277,3945.56582
2010-12,KY,Kentucky,ALL,all sectors,2233692,6.86,597.48736,8714.21535
2010-12,LA,Louisiana,ALL,all sectors,2299336,7.02,458.08941,6528.92099
2010-01,WSC,West South Central,ALL,all sectors,16699258,8.66,4036.67989,46636.12147
2010-01,MTN,Mountain,ALL,all sectors,10308607,7.92,1714.27466,21637.76774
2010-01,PACC,Pacific Contiguous,ALL,all sectors,19497003,10.18,3385.15298,33240.7507
2010-01,PACN,Pacific Noncontiguous,ALL,all sectors,793939,19.82,283.9422,1432.29326
2010-01,US,U.S. Total,ALL,all sectors,143201001,9.28,30783.69853,331878.76297
2010-04,ID,Idaho,ALL,all sectors,790381,6.44,108.55756,1684.44476
2010-04,IL,Illinois,ALL,all sectors,5667359,8.8,899.80542,10221.08225
2010-05,AL,Alabama,ALL,all sectors,2490197,8.84,613.08292,6933.68714
2010-05,AK,Alaska,ALL,all sectors,320757,15.21,72.67834,477.74703
2010-05,AZ,Arizona,ALL,all sectors,2855506,10.2,571.9688,5605.46301
2010-05,AR,Arkansas,ALL,all sectors,1524290,7.23,249.15628,3446.7695
2010-05,CA,California,ALL,all sectors,14737258,12.66,2407.42901,19017.65044
2010-05,CO,Colorado,ALL,all sectors,2490995,9.41,382.07219,4058.93485
2010-06,AL,Alabama,ALL,all sectors,2506938,9.16,754.00109,8230.91886
2010-06,AK,Alaska,ALL,all sectors,321839,15,69.95815,466.32686
2010-06,AZ,Arizona,ALL,all sectors,2852867,10.5,738.71505,7036.53405
2010-06,AR,Arkansas,ALL,all sectors,1541897,7.82,332.73242,4253.03644
2010-07,SAT,South Atlantic,ALL,all sectors,29558980,10.07,8311.37771,82570.82724
2010-07,ESC,East South Central,ALL,all sectors,9424471,8.63,2795.83146,32399.19763
2010-07,WSC,West South Central,ALL,all sectors,16997480,8.99,5000.56738,55654.76853
2010-07,MTN,Mountain,ALL,all sectors,10325268,9.46,2599.34856,27489.19933
2010-07,PACC,Pacific Contiguous,ALL,all sectors,19997443,11.98,4163.43251,34749.73502
2010-07,PACN,Pacific Noncontiguous,ALL,all sectors,797287,21.51,292.19498,1358.17115
2010-11,ND,North Dakota,ALL,all sectors,390398,7.11,80.77421,1136.84752
2010-11,OH,Ohio,ALL,all sectors,5509785,9.07,1061.16252,11704.35196
2010-11,OK,Oklahoma,ALL,all sectors,1948887,7.02,283.30141,4034.19702
2009-09,SC,South Carolina,ALL,all sectors,2436132,8.41,557.46679,6627.42684
2009-09,SD,South Dakota,ALL,all sectors,436245,7.64,65.17651,852.8833
2009-09,TN,Tennessee,ALL,all sectors,3159824,8.5,723.33664,8505.40754
2009-09,TX,Texas,ALL,all sectors,11089555,9.64,3095.36668,32093.92008
2009-09,UT,Utah,ALL,all sectors,1060792,7.22,179.33406,2484.67304
2009-09,VT,Vermont,ALL,all sectors,358338,12.81,55.94858,436.85298
2009-09,VA,Virginia,ALL,all sectors,3605106,9.06,766.61949,8460.13969
2009-09,WA,Washington,ALL,all sectors,3196860,6.47,432.7046,6689.84115
2009-09,WV,West Virginia,ALL,all sectors,1014597,6.45,146.57088,2273.25593
2009-09,WI,Wisconsin,ALL,all sectors,2930975,9.53,506.283,5313.78547
2009-09,WY,Wyoming,ALL,all sectors,324555,6.29,79.11755,1258.39471
2009-09,NEW,New England,ALL,all sectors,6977230,15.71,1542.7737,9817.97959
2009-09,MAT,Middle Atlantic,ALL,all sectors,17859869,13.54,4058.78518,29968.41494
2009-09,ENC,East North Central,ALL,all sectors,21799096,8.99,4000.56894,44523.2297
2009-09,WNC,West North Central,ALL,all sectors,10470745,7.85,1749.97966,22295.58822
2009-09,SAT,South Atlantic,ALL,all sectors,29271492,9.95,6785.57631,68167.44275
2009-09,ESC,East South Central,ALL,all sectors,9355097,8.06,2223.26818,27582.58621
2009-09,WSC,West South Central,ALL,all sectors,16794693,8.78,4214.07501,47986.21501
2009-09,MTN,Mountain,ALL,all sectors,10264559,9.01,2132.63809,23660.59408
2009-09,PACC,Pacific Contiguous,ALL,all sectors,19885901,12.4,4364.24205,35198.54077
2009-09,PACN,Pacific Noncontiguous,ALL,all sectors,795128,19.99,272.42742,1362.71494
2009-09,US,U.S. Total,ALL,all sectors,143473810,10.09,31344.33454,310563.30622
2009-10,DC,District of Columbia,ALL,all sectors,249350,13.36,115.68071,866.13875
2009-10,FL,Florida,ALL,all sectors,9581996,11.4,2265.7165,19867.93261
2009-10,GA,Georgia,ALL,all sectors,4624423,8.65,875.84009,10120.54852
2009-10,HI,Hawaii,ALL,all sectors,474793,23.57,215.13444,912.73259
2009-10,ID,Idaho,ALL,all sectors,788340,6.53,108.51659,1660.60658
2009-10,IL,Illinois,ALL,all sectors,5635430,8.96,953.05939,10632.37221
2009-11,AR,Arkansas,ALL,all sectors,1525487,7.2,227.87619,3162.99592
2009-11,CA,California,ALL,all sectors,14303681,11.36,2176.60451,19159.06335
2009-11,CO,Colorado,ALL,all sectors,2479541,8.71,352.53337,4047.9079
2009-12,AL,Alabama,ALL,all sectors,2493148,8.66,603.26038,6964.80012
2009-12,AK,Alaska,ALL,all sectors,319030,14.76,87.68492,594.00632
2010-01,ENC,East North Central,ALL,all sectors,22004916,8.7,4484.83883,51531.00649
2010-01,WNC,West North Central,ALL,all sectors,10455626,7.05,1910.21765,27081.69528
2010-01,SAT,South Atlantic,ALL,all sectors,29198037,8.93,6739.7791,75448.07201
2010-01,ESC,East South Central,ALL,all sectors,9340163,7.59,2347.26974,30937.93329
2010-04,AL,Alabama,ALL,all sectors,2489510,8.62,537.81939,6239.46822
2010-07,NEW,New England,ALL,all sectors,7051462,14.97,1796.94896,12006.41928
2010-07,MAT,Middle Atlantic,ALL,all sectors,17894938,14.93,5620.94347,37647.4982
2010-07,ENC,East North Central,ALL,all sectors,21966030,9.59,5441.12041,56766.85512
2010-07,WNC,West North Central,ALL,all sectors,10550431,9.09,2578.89114,28375.04779
2010-11,NH,New Hampshire,ALL,all sectors,704261,15.18,123.30387,812.32028
2010-11,NJ,New Jersey,ALL,all sectors,3941925,13.98,785.15565,5615.36306
2010-11,NM,New Mexico,ALL,all sectors,997932,7.73,132.37478,1712.08174
2010-11,NY,New York,ALL,all sectors,8009612,15.9,1697.60807,10677.07913
2010-11,NC,North Carolina,ALL,all sectors,4862443,8.19,762.17946,9306.90761
2010-12,IL,Illinois,ALL,all sectors,5668119,8.48,1060.44936,12504.70922
2010-12,IN,Indiana,ALL,all sectors,3111694,7.8,731.99929,9384.00197
2010-12,IA,Iowa,ALL,all sectors,1557338,7.37,299.29083,4061.85919
2010-12,KS,Kansas,ALL,all sectors,1407902,8.04,262.50237,3265.63932
2010-01,WA,Washington,ALL,all sectors,3189468,6.66,589.35945,8854.87884
2010-01,WV,West Virginia,ALL,all sectors,1017686,7.28,230.21518,3161.34223
2008-07,MAT,Middle Atlantic,ALL,all sectors,17754943,14.97,5456.4521,36446.20538
2008-07,ENC,East North Central,ALL,all sectors,22030292,9.1,5004.20594,55019.72117
2008-07,WNC,West North Central,ALL,all sectors,10522807,8.14,2240.92056,27530.95276
2008-07,SAT,South Atlantic,ALL,all sectors,29074441,9.94,7757.90015,78040.24833
2008-07,ESC,East South Central,ALL,all sectors,9353883,8.57,2661.53347,31054.78746
2008-07,WSC,West South Central,ALL,all sectors,16696508,11.31,6124.5316,54134.64483
2008-07,MTN,Mountain,ALL,all sectors,10321437,9.02,2502.30275,27756.01281
2008-07,PACC,Pacific Contiguous,ALL,all sectors,20086616,11.58,4311.40248,37224.53465
2008-07,PACN,Pacific Noncontiguous,ALL,all sectors,790929,26.18,363.34152,1387.61123
2008-07,US,U.S. Total,ALL,all sectors,143629292,10.65,38400.04009,360426.56763
2008-08,NH,New Hampshire,ALL,all sectors,704395,15.1,148.50621,983.73996
2010-01,WI,Wisconsin,ALL,all sectors,2939430,9.57,582.87476,6091.80996
2010-01,WY,Wyoming,ALL,all sectors,325287,6.1,96.34877,1578.33151
2010-01,NEW,New England,ALL,all sectors,7036481,15.05,1648.68573,10956.27506
2010-01,MAT,Middle Atlantic,ALL,all sectors,17866971,12.84,4232.85775,32976.84768
2008-07,RI,Rhode Island,ALL,all sectors,491965,16.88,139.88563,828.69035
2008-07,SC,South Carolina,ALL,all sectors,2429675,8.3,653.19527,7873.82874
2008-07,SD,South Dakota,ALL,all sectors,433139,7.45,70.02087,940.15598
2008-07,TN,Tennessee,ALL,all sectors,3153051,8.35,809.81929,9692.69667
2008-07,TX,Texas,ALL,all sectors,11041611,12.22,4373.88246,35785.37293
2008-07,UT,Utah,ALL,all sectors,1049490,7.13,204.68824,2869.30634
2008-07,VT,Vermont,ALL,all sectors,358666,12.37,62.87712,508.44267
2008-07,VA,Virginia,ALL,all sectors,3578131,8.92,940.85946,10548.67093
2008-07,WA,Washington,ALL,all sectors,3176510,6.47,439.48494,6792.15387
2008-07,WV,West Virginia,ALL,all sectors,1010173,5.68,163.63718,2878.55824
2008-07,WI,Wisconsin,ALL,all sectors,2921061,9.46,609.21465,6442.15453
2008-07,WY,Wyoming,ALL,all sectors,323321,5.87,81.68681,1392.11395
2008-07,NEW,New England,ALL,all sectors,6997436,16.71,1977.44954,11831.84903
2008-08,LA,Louisiana,ALL,all sectors,2214353,11.07,887.07823,8015.50799
2010-11,MAT,Middle Atlantic,ALL,all sectors,17904739,13.19,3611.28674,27374.37526
2010-11,ENC,East North Central,ALL,all sectors,21962794,9.03,3942.95346,43657.99781
2010-11,WNC,West North Central,ALL,all sectors,10504274,7.62,1682.19032,22079.59706
2010-12,NV,Nevada,ALL,all sectors,1222927,8.51,217.43008,2555.32259
2010-12,NH,New Hampshire,ALL,all sectors,704956,14.91,135.03627,905.83405
2016-11,AZ,Arizona,ALL,all sectors,3068195,9.47,499.22509,5273.34591
2016-11,AR,Arkansas,ALL,all sectors,1598894,7.86,267.37714,3402.84505
2008-03,UT,Utah,ALL,all sectors,1046610,5.96,130.24362,2183.99002
2008-03,VT,Vermont,ALL,all sectors,354625,12.49,61.0867,489.25375
2008-03,VA,Virginia,ALL,all sectors,3570335,7.11,605.10231,8512.15708
2008-03,WA,Washington,ALL,all sectors,3166653,6.65,525.1663,7893.99875
2008-03,WV,West Virginia,ALL,all sectors,1011387,5.45,157.94786,2900.27539
2008-03,WI,Wisconsin,ALL,all sectors,2911258,8.65,509.52297,5889.39998
2008-03,WY,Wyoming,ALL,all sectors,319170,5.51,77.05993,1399.34925
2008-03,NEW,New England,ALL,all sectors,6997581,15.42,1592.51971,10326.05172
2008-03,MAT,Middle Atlantic,ALL,all sectors,17746549,12.09,3740.01035,30947.31592
2008-03,ENC,East North Central,ALL,all sectors,22092514,8.04,3943.48181,49026.2617
2008-03,WNC,West North Central,ALL,all sectors,10480349,6.65,1592.43538,23934.91688
2008-03,SAT,South Atlantic,ALL,all sectors,29059749,8.7,5268.98754,60548.39747
2009-12,MA,Massachusetts,ALL,all sectors,3065348,14.21,664.02103,4671.31774
2009-12,MI,Michigan,ALL,all sectors,4797934,9.64,845.14008,8770.57386
2009-12,MN,Minnesota,ALL,all sectors,2577568,7.99,468.77677,5869.12989
2009-12,MS,Mississippi,ALL,all sectors,1475281,8.32,307.866,3701.39472
2009-12,MO,Missouri,ALL,all sectors,3067625,6.54,487.51476,7453.3194
2009-12,MT,Montana,ALL,all sectors,572560,7.59,99.95091,1317.36965
2009-12,NE,Nebraska,ALL,all sectors,987719,6.52,177.97831,2731.27011
2009-12,NV,Nevada,ALL,all sectors,1213558,9.95,263.80074,2649.99585
2009-12,NH,New Hampshire,ALL,all sectors,687215,14.84,132.22958,891.09109
2008-03,SD,South Dakota,ALL,all sectors,429963,6.84,64.40613,941.87428
2008-03,TN,Tennessee,ALL,all sectors,3144422,7.29,619.6624,8497.11196
2009-11,NV,Nevada,ALL,all sectors,1208274,9.13,217.86563,2385.99222
2009-11,NH,New Hampshire,ALL,all sectors,686118,14.71,121.12952,823.37617
2009-11,NJ,New Jersey,ALL,all sectors,3973392,13.6,738.44792,5428.59218
2009-11,NM,New Mexico,ALL,all sectors,988961,7.52,127.59782,1697.46924
2009-11,NY,New York,ALL,all sectors,7961599,14.67,1565.50728,10670.56993
2009-11,NC,North Carolina,ALL,all sectors,4843953,8.38,754.65181,9006.88581
2009-11,ND,North Dakota,ALL,all sectors,383891,6.6,69.20214,1047.839
2009-11,OH,Ohio,ALL,all sectors,5508548,8.7,959.90732,11029.32698
2009-11,OK,Oklahoma,ALL,all sectors,1931064,6.48,249.59521,3851.49955
2009-11,OR,Oregon,ALL,all sectors,1880161,7.73,296.48515,3837.81993
2009-11,PA,Pennsylvania,ALL,all sectors,5939126,9.41,1031.74631,10967.82987
2009-11,RI,Rhode Island,ALL,all sectors,492867,14.19,80.9891,570.77751
2009-11,SC,South Carolina,ALL,all sectors,2434490,8.42,461.73644,5486.47298
2009-11,SD,South Dakota,ALL,all sectors,436440,7.36,63.85823,867.54613
2009-11,TN,Tennessee,ALL,all sectors,3152179,8.05,552.78157,6865.44247
2009-12,ME,Maine,ALL,all sectors,788379,13.29,133.38163,1003.86568
2009-12,MD,Maryland,ALL,all sectors,2446026,12.45,703.12867,5648.45252
2008-03,ESC,East South Central,ALL,all sectors,9325207,6.96,1887.36757,27130.39882
2008-03,WSC,West South Central,ALL,all sectors,16650933,9.25,3597.95829,38903.75138
2008-04,AL,Alabama,ALL,all sectors,2485942,7.49,495.52768,6616.11198
2008-04,AK,Alaska,ALL,all sectors,316147,15.24,77.72585,509.90923
2008-04,AZ,Arizona,ALL,all sectors,2830309,8.61,445.13114,5170.65666
2008-04,AR,Arkansas,ALL,all sectors,1510566,7.31,245.78066,3363.83544
2008-04,CA,California,ALL,all sectors,14723652,11.23,2287.05689,20365.69197
2008-04,CO,Colorado,ALL,all sectors,2539589,8.63,339.94316,3940.20268
2008-05,AL,Alabama,ALL,all sectors,2488247,7.88,564.59766,7161.46191
2008-05,AK,Alaska,ALL,all sectors,317198,15.42,75.312,488.30423
2008-05,AZ,Arizona,ALL,all sectors,2825708,9.44,558.03062,5912.03036
2008-05,AR,Arkansas,ALL,all sectors,1512200,7.53,261.00249,3466.53489
2008-06,AL,Alabama,ALL,all sectors,2490587,9.2,767.20272,8338.29639
2008-06,AK,Alaska,ALL,all sectors,317773,14.9,69.23341,464.75492
2010-04,IN,Indiana,ALL,all sectors,3103406,7.43,559.92158,7536.2901
2010-04,IA,Iowa,ALL,all sectors,1550531,7.36,252.28149,3426.36809
2010-04,KS,Kansas,ALL,all sectors,1454466,8.1,222.26526,2742.57224
2008-08,OH,Ohio,ALL,all sectors,5518097,8.79,1252.38265,14244.2129
2008-08,OK,Oklahoma,ALL,all sectors,1919162,9.16,516.42241,5636.25986
2008-08,OR,Oregon,ALL,all sectors,1880361,7.1,287.7028,4054.63439
2008-08,PA,Pennsylvania,ALL,all sectors,5933445,9.76,1256.86316,12878.65838
2008-08,RI,Rhode Island,ALL,all sectors,491486,16.7,111.95006,670.22546
2008-12,CT,Connecticut,ALL,all sectors,1606469,17.88,478.30284,2675.47803
2009-08,AL,Alabama,ALL,all sectors,2491660,9.2,741.85436,8065.032
2009-08,AK,Alaska,ALL,all sectors,319759,14.8,72.76815,491.70948
2009-11,TX,Texas,ALL,all sectors,11054149,9.24,2145.5757,23222.92422
2009-11,UT,Utah,ALL,all sectors,1062849,6.18,126.74235,2052.30699
2009-11,VT,Vermont,ALL,all sectors,357950,12.66,53.22344,420.2905
2009-11,VA,Virginia,ALL,all sectors,3610299,8.73,679.70356,7782.06645
2009-11,WA,Washington,ALL,all sectors,3166070,6.71,477.18265,7110.10686
2009-11,WV,West Virginia,ALL,all sectors,1016169,7.03,165.95427,2361.89979
2009-11,WI,Wisconsin,ALL,all sectors,2923882,9.22,478.02338,5187.43475
2009-11,WY,Wyoming,ALL,all sectors,322716,6.04,89.68403,1483.97712
2009-11,NEW,New England,ALL,all sectors,6968074,15.12,1377.95892,9116.45905
2009-11,MAT,Middle Atlantic,ALL,all sectors,17874117,12.32,3335.7015,27066.99197
2009-11,ENC,East North Central,ALL,all sectors,21970854,8.63,3648.3058,42290.83215
2009-11,WNC,West North Central,ALL,all sectors,10442867,7.12,1528.0307,21461.58499
2009-11,SAT,South Atlantic,ALL,all sectors,29479237,9.77,5625.2932,57593.65656
2009-11,ESC,East South Central,ALL,all sectors,9347194,7.53,1759.77092,23370.96878
2009-11,WSC,West South Central,ALL,all sectors,16750199,8.26,2985.05661,36141.02663
2009-11,MTN,Mountain,ALL,all sectors,10277319,7.93,1557.11769,19623.66761
2009-11,PACC,Pacific Contiguous,ALL,all sectors,19349912,9.8,2950.27231,30106.99014
2009-11,PACN,Pacific Noncontiguous,ALL,all sectors,793170,20.1,278.46689,1385.67592
2009-11,US,U.S. Total,ALL,all sectors,143252943,9.34,25045.97454,268157.85379
2009-12,NJ,New Jersey,ALL,all sectors,3929092,13.85,885.26591,6391.96246
2009-12,NM,New Mexico,ALL,all sectors,991954,7.74,143.70077,1857.50195
2009-12,NY,New York,ALL,all sectors,7990693,15.44,1837.93338,11903.62523
2009-12,NC,North Carolina,ALL,all sectors,4849124,8.29,903.21397,10899.46428
2009-12,ND,North Dakota,ALL,all sectors,384809,6.29,80.93511,1285.75404
2009-12,OH,Ohio,ALL,all sectors,5517293,8.72,1154.26314,13241.59447
2009-12,OK,Oklahoma,ALL,all sectors,1933456,6.33,305.08991,4821.21073
2010-04,MS,Mississippi,ALL,all sectors,1471709,8.56,292.56449,3418.11615
2019-09,FL,Florida,ALL,all sectors,10868345,10.56,2467.37756,23358.24041
2010-11,NEW,New England,ALL,all sectors,7024913,14.6,1366.82383,9360.0864
2009-11,MT,Montana,ALL,all sectors,570797,7.5,84.09409,1121.70703
2009-11,NE,Nebraska,ALL,all sectors,983803,6.7,149.83363,2235.32666
2009-12,DE,Delaware,ALL,all sectors,444859,12.02,108.05159,899.30517
2009-12,DC,District of Columbia,ALL,all sectors,252462,13.07,128.95098,986.99002
2009-12,FL,Florida,ALL,all sectors,9634076,11.29,1953.51089,17303.61422
2009-12,GA,Georgia,ALL,all sectors,4629250,8.43,913.3046,10829.91777
2009-12,HI,Hawaii,ALL,all sectors,475584,23.28,195.06673,837.77332
2009-12,ID,Idaho,ALL,all sectors,789207,6.97,146.92545,2108.74142
2009-12,IL,Illinois,ALL,all sectors,5654498,8.54,1046.03719,12244.43093
2009-12,IN,Indiana,ALL,all sectors,3104951,7.31,658.13223,9001.71478
2009-12,IA,Iowa,ALL,all sectors,1551303,7.02,284.56148,4056.36928
2009-12,KS,Kansas,ALL,all sectors,1452514,7.49,247.66598,3308.49935
2009-12,KY,Kentucky,ALL,all sectors,2236969,6.22,517.11692,8310.67483
2009-12,LA,Louisiana,ALL,all sectors,2241923,6.56,406.98526,6199.64329
2020-02,MAT,Middle Atlantic,ALL,all sectors,18709053,11.94,3461.23644,28977.7853
2020-02,ENC,East North Central,ALL,all sectors,22943582,9.94,4501.21784,45284.12577
2020-02,WNC,West North Central,ALL,all sectors,11180156,9.07,2265.03627,24982.62637
2020-02,SAT,South Atlantic,ALL,all sectors,32410699,9.79,6122.73041,62510.86846
2020-02,ESC,East South Central,ALL,all sectors,9854480,9.18,2255.55939,24564.90799
2020-08,NE,Nebraska,ALL,all sectors,1088337,9.4,294.93601,3138.86107
2020-08,NV,Nevada,ALL,all sectors,1403682,9.01,401.89581,4458.30549
2020-08,NH,New Hampshire,ALL,all sectors,747443,16.44,167.43678,1018.6483
2020-08,NJ,New Jersey,ALL,all sectors,4154765,14.46,1119.23569,7740.89786
2020-06,DE,Delaware,ALL,all sectors,503523,10.47,99.02245,945.9826
2020-06,DC,District of Columbia,ALL,all sectors,317282,12.15,90.1206,741.82746
2020-07,NE,Nebraska,ALL,all sectors,1089440,9.73,310.38199,3191.55256
2020-07,NV,Nevada,ALL,all sectors,1401893,8.83,384.41114,4351.98566
2020-07,ENC,East North Central,ALL,all sectors,23068547,10.53,5837.27707,55433.62368
2008-12,NY,New York,ALL,all sectors,7960042,14.76,1797.79084,12176.91617
2008-12,NC,North Carolina,ALL,all sectors,4833479,8.19,856.22147,10448.97402
2008-12,ND,North Dakota,ALL,all sectors,379985,6.34,80.79723,1273.8633
2008-12,OH,Ohio,ALL,all sectors,5526201,8.41,1152.20356,13695.99698
2008-12,MA,Massachusetts,ALL,all sectors,3046204,16.59,765.18414,4613.13376
2009-08,DC,District of Columbia,ALL,all sectors,246934,13.36,155.76678,1165.9627
2020-08,MO,Missouri,ALL,all sectors,3245498,11.05,816.2759,7387.03518
2020-08,MT,Montana,ALL,all sectors,647933,9.51,119.65287,1257.73374
2016-11,CA,California,ALL,all sectors,15049084,14.91,2943.80848,19741.32936
2016-11,CO,Colorado,ALL,all sectors,2656232,9.88,417.18072,4223.86225
2018-08,CA,California,ALL,all sectors,15754331,18.55,5542.31381,29874.59826
2008-10,IA,Iowa,ALL,all sectors,1546257,6.55,237.2339,3619.71917
2008-10,KS,Kansas,ALL,all sectors,1511984,7.26,215.42664,2967.0786
2008-10,KY,Kentucky,ALL,all sectors,2232342,6.58,497.31983,7554.19478
2008-10,LA,Louisiana,ALL,all sectors,2212656,10.2,601.54613,5895.64435
2008-10,ME,Maine,ALL,all sectors,786536,13.64,133.05164,975.33784
2008-10,MD,Maryland,ALL,all sectors,2430183,13.75,642.96964,4677.36794
2008-10,MA,Massachusetts,ALL,all sectors,3054283,16.96,721.3068,4252.16029
2008-10,MI,Michigan,ALL,all sectors,4814203,8.88,730.94691,8232.504
2008-10,MN,Minnesota,ALL,all sectors,2569133,7.52,406.479,5408.27083
2008-10,MS,Mississippi,ALL,all sectors,1472339,9.31,349.26972,3753.18173
2008-10,MO,Missouri,ALL,all sectors,3061611,6.54,407.04012,6224.97462
2008-10,MT,Montana,ALL,all sectors,565921,7.69,91.37974,1188.41114
2008-10,NE,Nebraska,ALL,all sectors,980609,6.47,140.63527,2174.62387
2008-10,NV,Nevada,ALL,all sectors,1212889,9.79,267.94249,2735.68579
2008-10,NH,New Hampshire,ALL,all sectors,702777,15.36,130.24171,847.69371
2008-10,NJ,New Jersey,ALL,all sectors,3884281,13.83,848.506,6133.89592
2008-11,DE,Delaware,ALL,all sectors,441932,12.28,103.0248,839.04457
2008-11,DC,District of Columbia,ALL,all sectors,245855,13.12,116.13433,884.8424
2008-11,FL,Florida,ALL,all sectors,9686551,11.02,1829.5623,16604.90833
2008-11,GA,Georgia,ALL,all sectors,4599581,8.55,827.02146,9671.82745
2008-11,HI,Hawaii,ALL,all sectors,471493,29.94,251.54079,840.01787
2008-11,ID,Idaho,ALL,all sectors,782141,5.94,102.9996,1733.9775
2008-11,IL,Illinois,ALL,all sectors,5679981,9.66,1065.23741,11025.167
2008-11,IN,Indiana,ALL,all sectors,3093288,7.58,607.54977,8018.21872
2008-11,IA,Iowa,ALL,all sectors,1541060,6.29,223.75435,3554.9537
2008-11,KS,Kansas,ALL,all sectors,1515597,6.99,203.27082,2907.26583
2008-12,AZ,Arizona,ALL,all sectors,2852209,8.48,460.94053,5437.53019
2008-12,AR,Arkansas,ALL,all sectors,1517428,7.5,269.03835,3585.76603
2008-12,CA,California,ALL,all sectors,15256613,11.64,2613.09912,22447.75299
2008-12,CO,Colorado,ALL,all sectors,2553879,8.01,351.97961,4394.61333
2020-02,WA,Washington,ALL,all sectors,3543908,8.14,654.56502,8042.69843
2020-02,WV,West Virginia,ALL,all sectors,1016257,8.8,244.85214,2781.67248
2020-02,WI,Wisconsin,ALL,all sectors,3093736,10.54,585.34032,5553.42939
2020-02,WY,Wyoming,ALL,all sectors,344128,7.98,115.80818,1450.33652
2020-02,NEW,New England,ALL,all sectors,7272503,18.24,1668.12476,9144.91726
2008-03,TX,Texas,ALL,all sectors,11033978,10.1,2564.65827,25400.90165
2008-09,OH,Ohio,ALL,all sectors,5512674,8.54,1095.15545,12821.11667
2008-09,OK,Oklahoma,ALL,all sectors,1919434,8.69,416.26171,4789.44878
2008-09,OR,Oregon,ALL,all sectors,1880539,7.18,266.35149,3708.29613
2008-09,PA,Pennsylvania,ALL,all sectors,5939131,9.35,1155.62917,12355.0483
2008-09,RI,Rhode Island,ALL,all sectors,491297,16,99.57157,622.19169
2008-09,SC,South Carolina,ALL,all sectors,2424235,8.23,579.99929,7049.6774
2008-09,SD,South Dakota,ALL,all sectors,432446,7.56,64.27483,849.82909
2008-09,TN,Tennessee,ALL,all sectors,3159316,8.19,772.0325,9426.47913
2008-09,TX,Texas,ALL,all sectors,11033197,11.33,3465.81922,30580.54374
2008-09,UT,Utah,ALL,all sectors,1052020,6.99,156.95993,2244.07852
2008-09,VT,Vermont,ALL,all sectors,357256,12.5,57.5087,460.16504
2008-09,VA,Virginia,ALL,all sectors,3586768,8.66,784.26872,9054.76491
2008-09,WA,Washington,ALL,all sectors,3179968,6.48,415.81042,6419.70618
2008-09,WV,West Virginia,ALL,all sectors,1011302,5.72,148.85667,2604.61371
2008-09,WI,Wisconsin,ALL,all sectors,2923545,9.32,527.48812,5661.77734
2008-09,WY,Wyoming,ALL,all sectors,323507,5.72,73.50766,1284.50483
2008-09,NEW,New England,ALL,all sectors,6997451,16.3,1706.76504,10469.14159
2008-09,MAT,Middle Atlantic,ALL,all sectors,17777710,13.95,4474.33091,32064.35622
2008-09,ENC,East North Central,ALL,all sectors,22008718,8.75,4183.72586,47807.21388
2008-09,WNC,West North Central,ALL,all sectors,10511374,7.43,1725.11448,23211.47659
2008-09,SAT,South Atlantic,ALL,all sectors,29279210,9.86,7069.44385,71677.85455
2008-09,ESC,East South Central,ALL,all sectors,9363254,8.23,2419.48635,29405.7843
2008-09,WSC,West South Central,ALL,all sectors,16685173,10.65,4961.19906,46595.95604
2008-09,MTN,Mountain,ALL,all sectors,10297659,8.7,2052.9023,23585.22646
2008-09,PACC,Pacific Contiguous,ALL,all sectors,19818294,11.45,4089.90033,35710.49632
2008-09,PACN,Pacific Noncontiguous,ALL,all sectors,792422,26.66,367.50137,1378.70471
2008-09,US,U.S. Total,ALL,all sectors,143531265,10.27,33050.36954,321906.21066
2008-10,ID,Idaho,ALL,all sectors,782633,5.89,101.6106,1724.82209
2008-10,IL,Illinois,ALL,all sectors,5662818,9.53,1080.4951,11337.02148
2008-10,IN,Indiana,ALL,all sectors,3089184,7.64,624.34224,8177.25348
2008-11,CO,Colorado,ALL,all sectors,2549649,8.3,341.62638,4114.2738
2008-11,CT,Connecticut,ALL,all sectors,1604785,18.11,431.4566,2382.54946
2009-10,PACN,Pacific Noncontiguous,ALL,all sectors,794587,20.44,290.24269,1420.30527
2009-10,US,U.S. Total,ALL,all sectors,143889070,9.7,27856.49521,287116.30848
2009-11,KS,Kansas,ALL,all sectors,1453262,7.75,216.79369,2799.12722
2009-11,KY,Kentucky,ALL,all sectors,2229859,6.04,422.88154,7004.76216
2009-11,LA,Louisiana,ALL,all sectors,2239499,6.13,362.00951,5903.60693
2009-11,ME,Maine,ALL,all sectors,788099,12.79,114.62322,896.46093
2009-11,MD,Maryland,ALL,all sectors,2443290,12.62,573.43652,4544.17108
2009-11,MA,Massachusetts,ALL,all sectors,3043033,14.6,618.27614,4234.32556
2009-11,MI,Michigan,ALL,all sectors,4788032,9.16,721.41106,7871.52008
2009-11,MN,Minnesota,ALL,all sectors,2572457,7.95,407.88801,5128.57063
2009-11,MS,Mississippi,ALL,all sectors,1473843,8.5,285.5353,3359.09139
2009-11,MO,Missouri,ALL,all sectors,3067136,6.48,379.91868,5866.92061
2019-11,WNC,West North Central,ALL,all sectors,11187427,9.06,2148.70786,23726.29261
2019-11,SAT,South Atlantic,ALL,all sectors,32507002,10,6211.53898,62146.611
2019-11,ESC,East South Central,ALL,all sectors,9924051,9.44,2194.52138,23236.76976
2019-11,WSC,West South Central,ALL,all sectors,19238657,8.21,3751.95266,45713.37329
2019-12,UT,Utah,ALL,all sectors,1270143,7.7,201.07493,2610.8003
2019-12,VT,Vermont,ALL,all sectors,375411,16.19,78.65916,485.84726
2019-12,VA,Virginia,ALL,all sectors,3919863,9.53,967.1168,10152.60081
2019-12,WA,Washington,ALL,all sectors,3559254,8.17,703.90658,8614.63937
2019-12,WV,West Virginia,ALL,all sectors,1015745,8.38,246.93182,2946.91785
2010-07,AL,Alabama,ALL,all sectors,2517299,9.14,825.60801,9032.34484
2010-07,AK,Alaska,ALL,all sectors,322073,14.76,71.93335,487.39451
2010-07,US,U.S. Total,ALL,all sectors,144563790,10.46,38600.65658,369017.71929
2010-11,PA,Pennsylvania,ALL,all sectors,5953202,10.18,1128.52302,11081.93307
2010-11,RI,Rhode Island,ALL,all sectors,493904,13.8,82.32967,596.69379
2010-11,SC,South Carolina,ALL,all sectors,2443878,8.4,480.71597,5720.328
2010-11,SD,South Dakota,ALL,all sectors,440847,7.79,67.9524,871.88503
2010-11,TN,Tennessee,ALL,all sectors,3164212,9.09,637.44775,7011.11011
2010-11,TX,Texas,ALL,all sectors,11158445,8.66,2141.69766,24739.32711
2010-11,UT,Utah,ALL,all sectors,1071732,6.2,138.82923,2239.35002
2010-11,VT,Vermont,ALL,all sectors,359159,13.44,58.65098,436.54618
2010-11,VA,Virginia,ALL,all sectors,3737335,8.43,685.63459,8134.92644
2010-11,WA,Washington,ALL,all sectors,3193558,6.86,501.35414,7309.61289
2010-11,WV,West Virginia,ALL,all sectors,1018888,7.88,195.34526,2479.01269
2010-12,ME,Maine,ALL,all sectors,791749,13.27,136.77238,1030.62221
2010-12,MD,Maryland,ALL,all sectors,2458717,12.3,727.69424,5917.83404
2010-12,MA,Massachusetts,ALL,all sectors,3061323,14.13,681.27932,4821.65055
2010-12,MI,Michigan,ALL,all sectors,4781894,9.54,858.89715,8999.88517
2010-12,MN,Minnesota,ALL,all sectors,2593834,8.39,510.47124,6081.59438
2020-04,NC,North Carolina,ALL,all sectors,5387226,9.68,838.90804,8666.86406
2020-04,ND,North Dakota,ALL,all sectors,471756,8.71,150.8205,1730.69592
2020-04,OH,Ohio,ALL,all sectors,5656210,9.66,958.13765,9922.45861
2020-05,IN,Indiana,ALL,all sectors,3294295,9.83,686.95945,6985.77631
2020-05,IA,Iowa,ALL,all sectors,1654420,9.14,341.16539,3732.53472
2020-05,KS,Kansas,ALL,all sectors,1544619,10.98,303.47748,2764.63703
2020-05,KY,Kentucky,ALL,all sectors,2326473,8.66,458.74877,5298.12172
2020-05,LA,Louisiana,ALL,all sectors,2420447,7.46,505.05762,6769.04528
2020-05,ME,Maine,ALL,all sectors,802584,13.61,109.91143,807.60208
2020-05,MD,Maryland,ALL,all sectors,2638525,11.3,465.66191,4121.81588
2020-05,MA,Massachusetts,ALL,all sectors,3238269,17.79,642.02307,3609.59656
2020-05,MI,Michigan,ALL,all sectors,4965351,12.43,856.278,6890.40831
2020-05,MN,Minnesota,ALL,all sectors,2771285,10.67,480.16757,4499.16446
2020-05,MS,Mississippi,ALL,all sectors,1549449,9.21,308.16188,3345.22422
2020-06,CA,California,ALL,all sectors,15809401,18.64,3999.90923,21459.87126
2020-06,CO,Colorado,ALL,all sectors,2798496,10.96,521.5848,4760.2355
2020-06,CT,Connecticut,ALL,all sectors,1681898,18.58,451.4002,2428.9294
2010-05,CT,Connecticut,ALL,all sectors,1615022,17.6,374.90421,2130.52141
2010-05,DE,Delaware,ALL,all sectors,446572,12.04,95.32751,791.98735
2010-05,DC,District of Columbia,ALL,all sectors,253762,13.05,127.4323,976.42052
2010-05,FL,Florida,ALL,all sectors,9639848,10.63,1907.17129,17944.26941
2010-05,GA,Georgia,ALL,all sectors,4593268,8.61,918.96482,10672.31987
2010-05,HI,Hawaii,ALL,all sectors,474396,25.25,214.37224,849.00618
2010-05,ID,Idaho,ALL,all sectors,790393,6.53,114.05276,1746.50985
2010-05,IL,Illinois,ALL,all sectors,5651676,9.03,981.12402,10869.94091
2010-05,IN,Indiana,ALL,all sectors,3096144,7.57,624.36078,8252.63016
2010-05,IA,Iowa,ALL,all sectors,1550127,7.55,267.25358,3539.80977
2010-06,CA,California,ALL,all sectors,14741602,13.91,3066.29562,22036.60059
2010-06,CO,Colorado,ALL,all sectors,2495052,9.86,447.83941,4539.74714
2010-06,CT,Connecticut,ALL,all sectors,1602576,17.39,448.15019,2577.60034
2010-06,DE,Delaware,ALL,all sectors,447221,12.32,115.2886,935.9728
2010-06,DC,District of Columbia,ALL,all sectors,253016,13.55,158.84528,1172.02206
2015-06,WI,Wisconsin,ALL,all sectors,2997275,11.21,629.23349,5612.848
2015-06,WY,Wyoming,ALL,all sectors,336268,8,110.11136,1375.88211
2015-06,NEW,New England,ALL,all sectors,7248459,16.16,1570.37365,9714.86285
2015-06,MAT,Middle Atlantic,ALL,all sectors,18165691,13.35,4159.76234,31162.04997
2015-06,WNC,West North Central,ALL,all sectors,10833899,10.21,2540.71624,24886.92355
2016-02,MN,Minnesota,ALL,all sectors,2665563,9.7,528.57394,5451.36526
2016-02,MS,Mississippi,ALL,all sectors,1516289,8.56,333.62214,3896.4624
2016-02,MO,Missouri,ALL,all sectors,3134454,8.51,559.00555,6568.86696
2016-02,MT,Montana,ALL,all sectors,608413,8.57,105.68462,1233.49979
2016-03,NM,New Mexico,ALL,all sectors,1026906,8.61,148.96588,1730.86882
2016-03,NY,New York,ALL,all sectors,8175727,13.67,1589.62106,11628.6731
2016-03,NC,North Carolina,ALL,all sectors,5085994,9.11,914.20854,10035.33644
2016-03,ND,North Dakota,ALL,all sectors,457880,8.68,135.9584,1566.99182
2015-06,ENC,East North Central,ALL,all sectors,22298255,9.98,4739.94605,47475.87185
2015-07,GA,Georgia,ALL,all sectors,4777320,11.63,1628.38978,13997.76453
2015-07,HI,Hawaii,ALL,all sectors,489897,26.6,228.44861,858.67641
2016-11,DC,District of Columbia,ALL,all sectors,287658,11.88,96.88097,815.75962
2016-11,FL,Florida,ALL,all sectors,10596061,9.92,1688.15444,17010.14475
2016-11,GA,Georgia,ALL,all sectors,4849418,9.19,889.06039,9679.36552
2018-08,SC,South Carolina,ALL,all sectors,2681667,8.1,653.86374,8074.04638
2020-09,DC,District of Columbia,ALL,all sectors,319441,11.91,98.19551,824.76747
2020-09,FL,Florida,ALL,all sectors,11055363,10.43,2394.52213,22955.28069
2020-09,GA,Georgia,ALL,all sectors,5125671,10.15,1199.49179,11816.43119
2015-05,MN,Minnesota,ALL,all sectors,2685377,9.54,482.85881,5062.56775
2015-05,MS,Mississippi,ALL,all sectors,1510611,9.65,343.79616,3562.95273
2015-05,NE,Nebraska,ALL,all sectors,1033718,8.7,187.78933,2159.20882
2016-01,ID,Idaho,ALL,all sectors,842972,7.95,158.33217,1991.02452
2016-01,IL,Illinois,ALL,all sectors,5835202,9.12,1103.06076,12101.1994
2016-01,IN,Indiana,ALL,all sectors,3181752,8.77,807.94964,9208.19359
2016-01,IA,Iowa,ALL,all sectors,1595161,7.76,331.63244,4275.22299
2016-01,KS,Kansas,ALL,all sectors,1501075,10.08,347.78004,3449.51835
2009-08,FL,Florida,ALL,all sectors,9557095,11.37,2490.25542,21903.7309
2016-02,CT,Connecticut,ALL,all sectors,1641768,17.92,425.43908,2374.06217
2016-03,AZ,Arizona,ALL,all sectors,3050543,9.38,499.40233,5326.92745
2016-03,AR,Arkansas,ALL,all sectors,1586199,7.76,265.53086,3423.37146
2016-03,CA,California,ALL,all sectors,15775802,14.26,2883.96006,20224.89424
2016-03,CO,Colorado,ALL,all sectors,2632357,9.19,394.24558,4287.64657
2015-05,MO,Missouri,ALL,all sectors,3115121,9.6,576.94886,6009.36941
2015-05,MT,Montana,ALL,all sectors,604380,8.96,95.03467,1060.67207
2015-06,MD,Maryland,ALL,all sectors,2513253,12.28,632.85081,5155.15965
2015-06,MA,Massachusetts,ALL,all sectors,3230443,16.36,721.71027,4410.7816
2015-06,MI,Michigan,ALL,all sectors,4816821,10.85,929.31798,8562.49362
2015-06,MN,Minnesota,ALL,all sectors,2692601,10.27,550.66822,5361.47731
2016-11,LA,Louisiana,ALL,all sectors,2373519,7.41,519.06236,7007.14562
2016-11,ME,Maine,ALL,all sectors,782429,12.93,110.72737,856.26841
2015-06,WA,Washington,ALL,all sectors,3332321,7.4,521.3878,7041.63183
2015-06,WV,West Virginia,ALL,all sectors,1013807,8.25,219.47943,2659.44072
2015-07,CT,Connecticut,ALL,all sectors,1621825,17.04,469.66976,2756.02111
2015-07,DE,Delaware,ALL,all sectors,468813,10.97,120.65151,1099.35961
2015-07,DC,District of Columbia,ALL,all sectors,272864,12.15,136.60903,1124.11978
2015-07,FL,Florida,ALL,all sectors,10154925,10.6,2463.63277,23252.29818
2015-08,AL,Alabama,ALL,all sectors,2557085,9.82,859.08913,8749.29027
2015-08,AK,Alaska,ALL,all sectors,335469,17.99,88.26126,490.50291
2019-05,SD,South Dakota,ALL,all sectors,481075,10.05,94.81572,943.62007
2020-08,MAT,Middle Atlantic,ALL,all sectors,18729700,13.18,4675.93292,35483.35598
2020-08,ENC,East North Central,ALL,all sectors,23050901,10.36,5367.39779,51826.83204
2020-08,WNC,West North Central,ALL,all sectors,11285265,10.62,2985.16777,28116.02421
2019-03,ESC,East South Central,ALL,all sectors,9858215,9.23,2252.36302,24400.83961
2019-03,WSC,West South Central,ALL,all sectors,19217797,8.16,3824.82624,46854.18579
2019-03,MTN,Mountain,ALL,all sectors,11475656,9.08,1946.73836,21451.54699
2019-03,PACC,Pacific Contiguous,ALL,all sectors,21310484,12.73,4133.3298,32465.92489
2020-08,NY,New York,ALL,all sectors,8382352,15.85,2244.7503,14164.86484
2020-08,NC,North Carolina,ALL,all sectors,5437625,9.73,1247.96621,12827.88953
2020-08,ND,North Dakota,ALL,all sectors,472792,8.8,157.67418,1790.92962
2020-08,OH,Ohio,ALL,all sectors,5681375,9.55,1291.0511,13512.24513
2020-08,OK,Oklahoma,ALL,all sectors,2111211,8.22,524.5515,6383.3291
2020-08,OR,Oregon,ALL,all sectors,2055261,8.77,392.41696,4473.88441
2020-08,PA,Pennsylvania,ALL,all sectors,6192583,9.66,1311.94692,13577.59328
2020-08,RI,Rhode Island,ALL,all sectors,514557,19.29,146.94568,761.80393
2020-08,SC,South Carolina,ALL,all sectors,2788020,10.24,802.16287,7832.5835
2020-08,SD,South Dakota,ALL,all sectors,487169,10.62,123.90786,1166.55339
2020-08,TN,Tennessee,ALL,all sectors,3489723,9.51,935.88376,9838.06617
2019-05,TX,Texas,ALL,all sectors,13096764,8.29,2795.07697,33697.79311
2019-05,UT,Utah,ALL,all sectors,1256249,8.18,192.89837,2356.84067
2020-02,WSC,West South Central,ALL,all sectors,19286467,8,3803.76988,47572.51359
2020-02,MTN,Mountain,ALL,all sectors,11637060,8.8,1862.58607,21160.37793
2020-02,PACC,Pacific Contiguous,ALL,all sectors,20691212,13.25,3874.43876,29245.78678
2020-02,PACN,Pacific Noncontiguous,ALL,all sectors,877142,25.34,307.95441,1215.49544
2020-02,US,U.S. Total,ALL,all sectors,154862354,10.22,30122.65423,294659.40487
2020-07,WNC,West North Central,ALL,all sectors,11282887,10.8,3148.48549,29152.27788
2020-07,SAT,South Atlantic,ALL,all sectors,32786558,10.08,8510.97421,84469.0036
2020-07,ESC,East South Central,ALL,all sectors,10059414,9.55,2829.06655,29624.28425
2020-07,WSC,West South Central,ALL,all sectors,19612121,8.47,5399.35689,63733.72968
2020-07,MTN,Mountain,ALL,all sectors,11701762,10.1,3042.93802,30121.95446
2020-07,PACC,Pacific Contiguous,ALL,all sectors,21859256,15.93,5953.33431,37375.42517
2020-07,PACN,Pacific Noncontiguous,ALL,all sectors,881486,23.9,288.75287,1208.26642
2020-08,NM,New Mexico,ALL,all sectors,1060973,10.25,253.96538,2478.58234
2019-05,TN,Tennessee,ALL,all sectors,3410174,9.35,696.54079,7452.19801
2019-06,NH,New Hampshire,ALL,all sectors,739397,16.85,141.21643,838.32436
2020-02,TX,Texas,ALL,all sectors,13168348,8.33,2652.49956,31833.68614
2020-02,UT,Utah,ALL,all sectors,1280588,7.86,187.80795,2388.66322
2020-02,VT,Vermont,ALL,all sectors,373885,16.3,74.18618,455.17038
2020-02,VA,Virginia,ALL,all sectors,3923987,9.3,883.81466,9507.37364
2020-08,VT,Vermont,ALL,all sectors,378144,16.1,76.85278,477.34334
2020-08,VA,Virginia,ALL,all sectors,3957144,9.37,1088.69854,11616.89904
2020-05,WSC,West South Central,ALL,all sectors,19414218,8.09,3775.12545,46660.55822
2020-05,MTN,Mountain,ALL,all sectors,11664835,9.47,2181.52614,23039.5232
2020-05,PACC,Pacific Contiguous,ALL,all sectors,21150592,13.84,4022.93578,29071.8526
2020-05,PACN,Pacific Noncontiguous,ALL,all sectors,878813,24.88,277.77034,1116.3381
2020-05,US,U.S. Total,ALL,all sectors,155927477,10.39,28553.73842,274707.0812
2020-06,ID,Idaho,ALL,all sectors,924901,8.34,184.68393,2215.27423
2020-06,IL,Illinois,ALL,all sectors,5971114,9.92,1166.83236,11759.53918
2007-07,AL,Alabama,ALL,all sectors,,7.8,688.45033,8825.46684
2007-07,AK,Alaska,ALL,all sectors,,13.46,66.2236,492.04738
2007-07,AZ,Arizona,ALL,all sectors,,9.37,793.20331,8462.07733
2007-07,AR,Arkansas,ALL,all sectors,,7.41,329.82283,4450.81846
