period,stateid,stateDescription,sectorid,sectorName,customers,price,revenue,sales
2023-12,LA,Louisiana,COM,commercial,299081,10.75,182.7784,1700.61443
2023-12,ME,Maine,COM,commercial,109856,19.04,59.48103,312.3855
2023-12,MD,Maryland,COM,commercial,261535,12.84,279.87612,2180.03502
2023-12,MA,Massachusetts,COM,commercial,454710,19.74,378.51343,1917.87744
2023-12,MI,Michigan,COM,commercial,561050,13.23,391.09,2955.8464
2023-12,MN,Minnesota,COM,commercial,307932,11.39,211.27999,1854.82494
2022-06,US,U.S. Total,COM,commercial,19313913,12.75,15505.52043,121567.1717
2024-01,IA,Iowa,COM,commercial,251097,9.69,109.10061,1125.9219
2024-01,KS,Kansas,COM,commercial,248527,10.5,139.86824,1332.57008
2024-01,KY,Kentucky,COM,commercial,324553,11.63,196.38329,1688.78778
2024-01,LA,Louisiana,COM,commercial,300363,9.48,174.40708,1840.05679
2024-07,MI,Michigan,COM,commercial,564571,14.33,517.95566,3614.81134
2024-07,MN,Minnesota,COM,commercial,308959,13.11,271.83335,2072.94089
2024-07,MS,Mississippi,COM,commercial,245748,11.88,177.93553,1497.51531
2024-07,MO,Missouri,COM,commercial,386398,11.95,337.70409,2826.45612
2024-07,MT,Montana,COM,commercial,118234,12.26,55.43147,452.18204
2024-07,NE,Nebraska,COM,commercial,164023,9.19,104.79352,1140.86036
2024-07,NV,Nevada,COM,commercial,177845,9.85,136.10841,1381.98642
2024-07,NH,New Hampshire,COM,commercial,108229,18.93,72.632,383.73654
2024-07,NJ,New Jersey,COM,commercial,541189,15.85,566.23162,3572.83393
2024-07,NM,New Mexico,COM,commercial,147017,12.17,110.48019,908.03125
2024-07,AL,Alabama,COM,commercial,387682,13.45,311.52476,2315.67064
2024-07,AK,Alaska,COM,commercial,57782,21.15,44.45144,210.17424
2024-07,AZ,Arizona,COM,commercial,344939,13.08,499.48396,3817.69448
2024-07,AR,Arkansas,COM,commercial,210389,10.11,121.68017,1203.93183
2024-07,CA,California,COM,commercial,1800730,30.22,3325.52589,11003.75093
2024-07,CO,Colorado,COM,commercial,399258,13,247.94237,1906.89367
2024-07,CT,Connecticut,COM,commercial,157414,19.96,235.35443,1179.08027
2024-07,DE,Delaware,COM,commercial,60444,12.13,51.10303,421.34283
2024-07,DC,District of Columbia,COM,commercial,27576,17.1,120.82285,706.45908
2024-07,FL,Florida,COM,commercial,1297806,10.5,1029.77505,9810.16754
2024-07,GA,Georgia,COM,commercial,617250,12.36,609.95396,4936.63309
2024-07,HI,Hawaii,COM,commercial,59519,37.81,91.4876,241.98356
2024-07,ID,Idaho,COM,commercial,123494,9.72,63.70169,655.60112
2024-07,IL,Illinois,COM,commercial,633161,12.14,529.52576,4361.13821
2024-07,IN,Indiana,COM,commercial,377027,12.48,272.37575,2181.7284
2024-07,IA,Iowa,COM,commercial,251507,11.64,132.44474,1138.17865
2024-07,KS,Kansas,COM,commercial,249974,12.49,199.32995,1595.58306
2024-07,KY,Kentucky,COM,commercial,326592,11.33,214.41528,1891.90478
2024-07,LA,Louisiana,COM,commercial,303492,9.96,237.81097,2388.15082
2024-07,ME,Maine,COM,commercial,113218,16.88,65.02863,385.23428
2024-07,MD,Maryland,COM,commercial,261689,12.95,358.18198,2766.57044
2024-07,MA,Massachusetts,COM,commercial,441031,20.97,425.13732,2027.03975
2022-09,NV,Nevada,COM,commercial,173842,12.96,147.3444,1136.79767
2022-09,NH,New Hampshire,COM,commercial,111273,21.08,72.49506,343.94197
2022-09,NJ,New Jersey,COM,commercial,532782,14.12,437.34151,3097.15022
2022-09,NC,North Carolina,COM,commercial,741971,9.19,385.40081,4195.13853
2022-09,ND,North Dakota,COM,commercial,76963,8.84,59.36071,671.55123
2022-09,OH,Ohio,COM,commercial,626958,10.69,419.4004,3925.07015
2022-09,OK,Oklahoma,COM,commercial,301474,11.58,235.96151,2037.34213
2022-09,OR,Oregon,COM,commercial,244851,9.33,128.62939,1378.59088
2022-09,PA,Pennsylvania,COM,commercial,731384,11.63,358.71412,3083.86132
2024-04,MAT,Middle Atlantic,COM,commercial,2438773,15.13,1625.24997,10744.33883
2024-04,ENC,East North Central,COM,commercial,2573881,12.2,1643.47938,13466.32693
2024-04,WNC,West North Central,COM,commercial,1511585,10.05,799.69299,7958.44124
2024-04,SAT,South Atlantic,COM,commercial,4017402,10.98,2873.17789,26165.27007
2024-04,ESC,East South Central,COM,commercial,1481978,12.51,854.90448,6832.1019
2024-04,WSC,West South Central,COM,commercial,2385126,8.94,1427.71094,15963.92833
2024-04,MTN,Mountain,COM,commercial,1507393,10.84,879.67038,8112.93298
2024-04,PACC,Pacific Contiguous,COM,commercial,2430463,19.3,2408.11299,12477.64516
2024-04,PACN,Pacific Noncontiguous,COM,commercial,117261,31.3,133.22418,425.68083
2024-04,US,U.S. Total,COM,commercial,19417052,12.63,13378.82747,105887.69974
2024-04,OK,Oklahoma,COM,commercial,304931,8.15,144.12954,1769.22535
2024-04,OR,Oregon,COM,commercial,251362,11.61,157.54352,1357.3824
2024-04,PA,Pennsylvania,COM,commercial,736412,11.28,311.54469,2762.67126
2023-03,PACN,Pacific Noncontiguous,COM,commercial,116938,30.92,140.4775,454.33796
2023-03,US,U.S. Total,COM,commercial,19426825,12.36,13923.36599,112642.96368
2023-12,AL,Alabama,COM,commercial,382859,13.27,221.74361,1671.19884
2023-12,AK,Alaska,COM,commercial,56920,21.16,50.35598,237.96068
2023-12,AZ,Arizona,COM,commercial,345806,11.59,278.20593,2400.82208
2023-12,AR,Arkansas,COM,commercial,205809,10.1,87.2214,863.96261
2023-12,CA,California,COM,commercial,1769051,22.66,1999.61432,8823.95653
2023-12,CO,Colorado,COM,commercial,398964,10.95,191.17688,1745.29404
2023-12,CT,Connecticut,COM,commercial,156826,19.64,181.17802,922.65532
2023-12,DE,Delaware,COM,commercial,60075,12.39,40.9273,330.43952
2023-12,DC,District of Columbia,COM,commercial,27456,17.6,96.42485,547.83772
2023-12,FL,Florida,COM,commercial,1294689,12.03,866.16156,7198.93492
2023-12,GA,Georgia,COM,commercial,611097,10.67,428.33964,4015.74439
2023-12,HI,Hawaii,COM,commercial,59890,39,88.21022,226.20233
2023-12,ID,Idaho,COM,commercial,122544,8.88,53.05277,597.36956
2023-12,IL,Illinois,COM,commercial,627024,10.72,397.61419,3710.77295
2023-12,IN,Indiana,COM,commercial,373033,12.53,223.24895,1782.1701
2023-12,IA,Iowa,COM,commercial,251524,9.19,98.2756,1069.04986
2023-12,KS,Kansas,COM,commercial,245795,10.27,121.75667,1185.52299
2023-12,KY,Kentucky,COM,commercial,325141,11.53,172.71794,1498.35542
2009-10,NM,New Mexico,COM,commercial,135630,8.37,61.70365,737.61916
2009-10,NY,New York,COM,commercial,1037228,15.84,940.95001,5942.17477
2009-10,NC,North Carolina,COM,commercial,646144,8.18,312.47658,3818.87797
2009-10,ND,North Dakota,COM,commercial,57412,6.86,25.33197,369.41161
2009-10,OH,Ohio,COM,commercial,613214,9.67,358.91739,3710.36903
2009-10,OK,Oklahoma,COM,commercial,265642,6.63,99.77374,1505.39819
2009-10,OR,Oregon,COM,commercial,236670,7.67,99.61471,1299.12589
2009-10,PA,Pennsylvania,COM,commercial,680120,9.51,350.46106,3686.53436
2009-10,RI,Rhode Island,COM,commercial,56279,13.76,41.2451,299.75806
2009-10,SC,South Carolina,COM,commercial,343180,8.85,151.82504,1716.44144
2009-10,SD,South Dakota,COM,commercial,66778,7.18,24.53512,341.6542
2009-10,TN,Tennessee,COM,commercial,458670,9.32,212.57304,2281.63882
2009-10,TX,Texas,COM,commercial,1480171,9.49,981.57534,10347.46331
2009-10,UT,Utah,COM,commercial,118294,7.24,60.22599,832.23993
2009-10,VT,Vermont,COM,commercial,50233,13.19,21.72305,164.66077
2009-10,VA,Virginia,COM,commercial,407587,7.86,300.89878,3826.50135
2009-10,WA,Washington,COM,commercial,352232,6.99,169.17776,2420.15142
2009-10,WV,West Virginia,COM,commercial,137122,7.02,45.05176,641.38943
2009-10,WI,Wisconsin,COM,commercial,336683,9.45,174.58839,1848.03563
2009-10,WY,Wyoming,COM,commercial,59651,7.66,26.91353,351.52795
2009-10,NEW,New England,COM,commercial,816056,15.07,556.89433,3694.56484
2019-12,DE,Delaware,COM,commercial,55846,9.07,33.78195,372.35833
2019-12,DC,District of Columbia,COM,commercial,26532,12.15,75.59154,622.26585
2019-12,FL,Florida,COM,commercial,1255099,9.31,674.9203,7251.68955
2008-08,WI,Wisconsin,COM,commercial,334277,9.68,206.55192,2133.17533
2008-08,WY,Wyoming,COM,commercial,59927,6.85,26.61811,388.81452
2008-08,NEW,New England,COM,commercial,833639,16.91,819.73046,4848.40334
2008-08,MAT,Middle Atlantic,COM,commercial,2178772,15.69,2375.534,15142.53851
2009-10,WSC,West South Central,COM,commercial,2193317,8.76,1305.26573,14895.72668
2009-10,MTN,Mountain,COM,commercial,1318653,8.8,672.19421,7634.53094
2010-10,MTN,Mountain,COM,commercial,1327596,8.73,667.9637,7647.64254
2010-10,PACC,Pacific Contiguous,COM,commercial,2428568,11.97,1720.652,14373.37325
2010-10,PACN,Pacific Noncontiguous,COM,commercial,108274,20.97,110.57509,527.2604
2010-10,US,U.S. Total,COM,commercial,17706939,10.25,11118.16979,108460.80315
2010-11,MO,Missouri,COM,commercial,371314,7.17,167.98036,2341.25278
2010-11,MT,Montana,COM,commercial,101410,8.86,34.40961,388.56693
2010-11,NE,Nebraska,COM,commercial,154231,7.36,55.15374,749.31759
2008-08,ENC,East North Central,COM,commercial,2390462,9.4,1582.25835,16831.92726
2008-08,WNC,West North Central,COM,commercial,1375422,7.93,731.15299,9216.70816
2008-08,SAT,South Atlantic,COM,commercial,3525307,9.75,2791.04294,28631.98978
2008-08,ESC,East South Central,COM,commercial,1353973,9.39,767.00974,8166.40225
2008-08,WSC,West South Central,COM,commercial,2125406,10.85,1794.71091,16542.20919
2008-08,MTN,Mountain,COM,commercial,1321312,8.97,819.08977,9134.0847
2008-08,PACC,Pacific Contiguous,COM,commercial,2398116,12.74,1928.66914,15139.91529
2008-08,PACN,Pacific Noncontiguous,COM,commercial,108584,25.08,135.82492,541.47113
2008-08,US,U.S. Total,COM,commercial,17610993,11.07,13745.02323,124195.6496
2008-09,ND,North Dakota,COM,commercial,57091,7.21,24.54765,340.34908
2009-10,ENC,East North Central,COM,commercial,2390118,9.08,1328.33342,14632.5285
2009-10,WNC,West North Central,COM,commercial,1357358,7.25,570.11474,7868.44554
2009-10,SAT,South Atlantic,COM,commercial,3518036,9.59,2422.90619,25260.70234
2009-10,ESC,East South Central,COM,commercial,1326513,8.95,593.52357,6632.9377
2009-10,MAT,Middle Atlantic,COM,commercial,2203094,13.31,1693.93873,12724.23511
2008-03,MA,Massachusetts,COM,commercial,379117,15.53,327.72699,2110.91689
2008-03,MI,Michigan,COM,commercial,518340,8.87,275.02085,3102.33379
2008-03,MN,Minnesota,COM,commercial,268926,7.41,139.07571,1876.95355
2008-03,MS,Mississippi,COM,commercial,223568,9.36,90.17708,963.54906
2008-03,MO,Missouri,COM,commercial,366819,5.85,136.86396,2340.92389
2008-03,MT,Montana,COM,commercial,100138,8.33,33.7251,404.62486
2008-03,NE,Nebraska,COM,commercial,152417,6.34,47.34217,747.21913
2008-03,NV,Nevada,COM,commercial,152264,10.31,70.75243,686.42608
2008-03,NH,New Hampshire,COM,commercial,102361,13.51,48.67542,360.18343
2008-03,NJ,New Jersey,COM,commercial,465626,12.5,414.52761,3316.56839
2008-03,NM,New Mexico,COM,commercial,133466,7.81,51.57345,660.0263
2008-03,NY,New York,COM,commercial,1029592,15.08,953.822,6323.97778
2008-03,NC,North Carolina,COM,commercial,644517,7.37,251.91667,3416.31595
2008-03,ND,North Dakota,COM,commercial,56178,6.61,27.06596,409.31937
2008-03,OH,Ohio,COM,commercial,611331,8.98,350.69593,3904.01859
2008-03,OK,Oklahoma,COM,commercial,263252,6.99,97.22814,1390.15784
2008-03,OR,Oregon,COM,commercial,234016,7.45,106.08052,1424.19615
2008-03,PA,Pennsylvania,COM,commercial,674902,9.08,360.21014,3968.36498
2008-03,RI,Rhode Island,COM,commercial,56195,14.97,42.48792,283.76588
2008-03,SC,South Carolina,COM,commercial,340778,8.03,128.4571,1599.46335
2010-05,LA,Louisiana,COM,commercial,271489,8.27,156.99752,1899.08571
2010-05,ME,Maine,COM,commercial,88347,12.29,39.67898,322.85932
2010-05,MD,Maryland,COM,commercial,244103,11.5,287.48062,2500.75309
2010-06,FL,Florida,COM,commercial,1131878,9.79,833.47007,8512.3355
2010-06,GA,Georgia,COM,commercial,547730,9.27,409.55048,4420.28323
2010-11,WI,Wisconsin,COM,commercial,338334,9.87,176.61983,1788.59084
2010-11,WY,Wyoming,COM,commercial,59566,7.43,26.68046,359.33116
2010-12,NE,Nebraska,COM,commercial,154261,7.28,58.37565,801.86767
2019-09,GA,Georgia,COM,commercial,586283,10.36,466.23505,4498.54053
2019-09,HI,Hawaii,COM,commercial,59933,28.55,79.27364,277.65223
2019-09,ID,Idaho,COM,commercial,112514,7.56,39.20761,518.61635
2019-11,DE,Delaware,COM,commercial,55876,9.78,32.53834,332.65923
2019-11,DC,District of Columbia,COM,commercial,26489,12.78,75.7222,592.45898
2019-11,FL,Florida,COM,commercial,1256503,9.63,707.38171,7347.82317
2019-12,CA,California,COM,commercial,1752256,15.09,1489.72997,9871.27062
2019-12,CO,Colorado,COM,commercial,381722,9.31,163.59281,1757.7742
2019-12,CT,Connecticut,COM,commercial,152036,16.4,160.4526,978.20237
2008-08,SC,South Carolina,COM,commercial,342441,8.83,189.59315,2147.10397
2008-08,SD,South Dakota,COM,commercial,66094,7.23,28.28289,391.11603
2008-08,TN,Tennessee,COM,commercial,460806,9.16,257.89311,2814.21019
2008-08,TX,Texas,COM,commercial,1417181,11.29,1273.9463,11288.64105
2008-08,UT,Utah,COM,commercial,115572,6.88,69.40986,1008.2426
2008-08,VT,Vermont,COM,commercial,49486,12.38,22.54449,182.16193
2008-08,VA,Virginia,COM,commercial,404995,8.11,346.44643,4271.72812
2008-08,WA,Washington,COM,commercial,350863,6.71,169.58526,2528.40022
2008-08,WV,West Virginia,COM,commercial,135886,6.27,41.45305,661.28688
2008-09,MS,Mississippi,COM,commercial,224977,10.49,127.61811,1216.83983
2008-09,MO,Missouri,COM,commercial,368821,6.87,180.40597,2627.29346
2008-09,MT,Montana,COM,commercial,100617,9.13,35.85933,392.64393
2008-09,NE,Nebraska,COM,commercial,153746,7.36,57.98622,787.92182
2008-09,NV,Nevada,COM,commercial,153692,9.71,79.77006,821.26799
2008-09,NH,New Hampshire,COM,commercial,103167,14.86,56.98946,383.51953
2008-09,NJ,New Jersey,COM,commercial,469111,15.14,530.62523,3505.45873
2008-09,NM,New Mexico,COM,commercial,133625,9.09,70.02745,770.17712
2008-09,NY,New York,COM,commercial,1030237,18.05,1244.78195,6896.42014
2008-09,NC,North Carolina,COM,commercial,659946,7.76,325.63272,4194.89653
2008-08,NY,New York,COM,commercial,1033454,18.89,1367.12506,7238.53441
2008-08,NC,North Carolina,COM,commercial,648130,7.74,345.63992,4465.15345
2008-08,ND,North Dakota,COM,commercial,57001,6.99,26.27537,375.87863
2008-10,CA,California,COM,commercial,1861420,12.82,1453.07317,11335.03905
2008-10,CO,Colorado,COM,commercial,360622,7.99,134.91625,1687.59582
2008-11,AZ,Arizona,COM,commercial,300621,8.49,196.5353,2316.11605
2008-10,CT,Connecticut,COM,commercial,155450,17.58,199.46039,1134.40472
2008-10,DE,Delaware,COM,commercial,49127,12.69,45.3702,357.44955
2008-10,DC,District of Columbia,COM,commercial,26667,13.63,99.07459,727.00323
2008-10,FL,Florida,COM,commercial,1126881,10.52,835.85615,7941.93304
2008-10,GA,Georgia,COM,commercial,544935,9.27,349.92844,3774.29475
2008-10,HI,Hawaii,COM,commercial,61498,32.82,100.64488,306.65955
2008-11,AR,Arkansas,COM,commercial,176549,7.57,66.66081,880.16661
2008-11,CA,California,COM,commercial,1714768,12.42,1152.11144,9278.03523
2008-12,AL,Alabama,COM,commercial,366447,10.27,171.47726,1670.32809
2008-12,AK,Alaska,COM,commercial,47104,13.58,34.98906,257.56879
2009-10,MN,Minnesota,COM,commercial,274624,7.75,142.65988,1841.96608
2009-10,MS,Mississippi,COM,commercial,221951,9.37,105.76862,1128.2261
2009-10,MO,Missouri,COM,commercial,369642,6.62,163.65161,2472.82592
2009-10,MT,Montana,COM,commercial,100570,8.5,34.11159,401.2176
2009-10,NE,Nebraska,COM,commercial,154450,7.23,54.26632,750.6961
2009-10,NV,Nevada,COM,commercial,154391,10.56,76.82906,727.28684
2009-10,NH,New Hampshire,COM,commercial,93004,14.02,49.50712,353.07561
2009-10,NJ,New Jersey,COM,commercial,485746,13,402.52766,3095.52598
2008-08,NJ,New Jersey,COM,commercial,468356,16.02,605.65138,3780.36577
2008-08,NM,New Mexico,COM,commercial,134656,9.64,83.48625,865.75764
2008-09,IL,Illinois,COM,commercial,581128,9.52,412.49388,4333.59043
2008-09,IN,Indiana,COM,commercial,341807,8.15,171.17653,2099.83083
2008-09,IA,Iowa,COM,commercial,211909,7.73,77.76396,1005.39004
2008-09,KS,Kansas,COM,commercial,237516,7.65,100.1768,1310.33932
2008-09,KY,Kentucky,COM,commercial,296206,7.58,130.60911,1722.10565
2008-09,LA,Louisiana,COM,commercial,266286,10.97,228.42695,2082.90945
2008-09,ME,Maine,COM,commercial,88091,13.18,45.48542,345.13349
2008-09,MD,Maryland,COM,commercial,241888,14.16,369.79416,2612.14548
2008-09,MA,Massachusetts,COM,commercial,382624,15.86,380.77217,2401.05998
2008-09,MI,Michigan,COM,commercial,519437,9.24,311.53739,3370.43241
2008-09,MN,Minnesota,COM,commercial,272022,7.94,149.07153,1877.1601
2010-07,TX,Texas,COM,commercial,1476856,9.05,1077.49707,11910.08472
2010-07,UT,Utah,COM,commercial,122390,7.53,78.13673,1037.61775
2010-07,VT,Vermont,COM,commercial,50682,13.3,25.11893,188.86238
2010-07,VA,Virginia,COM,commercial,426595,7.69,356.4263,4633.12121
2010-07,WA,Washington,COM,commercial,354094,7.32,172.53346,2357.6643
2010-07,WV,West Virginia,COM,commercial,137469,7.52,55.76949,741.60145
2010-10,SAT,South Atlantic,COM,commercial,3545920,9.33,2318.83812,24865.33387
2010-10,ESC,East South Central,COM,commercial,1342498,9.92,662.32405,6673.8879
2010-10,WSC,West South Central,COM,commercial,2178290,8.74,1312.73199,15018.84977
2010-10,OH,Ohio,COM,commercial,613045,9.99,368.82226,3692.24807
2010-10,OK,Oklahoma,COM,commercial,263211,7.58,115.50915,1524.51928
2010-11,ID,Idaho,COM,commercial,101747,6.45,31.87244,494.28137
2010-11,IL,Illinois,COM,commercial,579530,8.73,343.26324,3933.17171
2010-11,IN,Indiana,COM,commercial,342000,9.15,164.29435,1795.67895
2010-11,IA,Iowa,COM,commercial,218132,7.53,70.41299,935.02305
2010-12,AR,Arkansas,COM,commercial,179546,7.02,63.04221,897.47636
2010-12,CA,California,COM,commercial,1889365,11.47,1159.86238,10109.24847
2010-07,WI,Wisconsin,COM,commercial,339036,10.35,220.43006,2129.10446
2010-07,WY,Wyoming,COM,commercial,59959,7.6,25.65283,337.63201
2010-12,ID,Idaho,COM,commercial,101812,6.29,32.66356,518.91931
2010-10,NE,Nebraska,COM,commercial,154126,7.63,59.22267,776.31791
2010-10,NV,Nevada,COM,commercial,154427,9.43,72.04134,764.27499
2010-10,NH,New Hampshire,COM,commercial,104696,14.45,52.68421,364.64759
2010-10,NJ,New Jersey,COM,commercial,479656,13.33,417.65319,3133.63033
2010-10,NM,New Mexico,COM,commercial,135812,8.51,65.1807,765.80517
2010-10,NY,New York,COM,commercial,1037371,16.22,998.66478,6155.3859
2010-10,NC,North Carolina,COM,commercial,647300,8.12,313.67181,3861.46638
2010-10,ND,North Dakota,COM,commercial,59021,7.43,27.71385,372.79411
2008-10,AK,Alaska,COM,commercial,47353,13.95,32.43679,232.51983
2008-10,AZ,Arizona,COM,commercial,300392,9.02,233.64437,2590.6324
2008-10,AR,Arkansas,COM,commercial,176913,7.75,76.29716,984.93723
2008-11,AL,Alabama,COM,commercial,371840,10.63,177.30631,1668.44842
2008-11,AK,Alaska,COM,commercial,47191,13.82,33.7603,244.2492
2010-12,DE,Delaware,COM,commercial,49901,11.19,38.9517,347.99448
2010-12,DC,District of Columbia,COM,commercial,26465,13.33,102.35574,767.68935
2010-12,FL,Florida,COM,commercial,1130241,10.07,717.734,7129.01955
2010-12,GA,Georgia,COM,commercial,547403,9.12,353.30832,3875.47973
2010-12,HI,Hawaii,COM,commercial,60550,26.91,74.97727,278.5829
2010-05,KS,Kansas,COM,commercial,218527,8.27,100.3828,1213.35843
2010-05,KY,Kentucky,COM,commercial,296615,7.75,122.51895,1580.44755
2008-03,CT,Connecticut,COM,commercial,156663,15.56,185.96654,1195.09379
2008-03,DE,Delaware,COM,commercial,48824,11.41,39.82642,349.15989
2008-03,DC,District of Columbia,COM,commercial,26678,12.91,86.37108,668.84533
2008-03,FL,Florida,COM,commercial,1122989,9.83,683.41365,6953.37865
2008-03,GA,Georgia,COM,commercial,541679,8.72,304.83462,3495.59426
2008-03,HI,Hawaii,COM,commercial,61840,27.57,80.83614,293.25162
2008-03,ID,Idaho,COM,commercial,98216,5.4,26.61884,493.06204
2008-03,IL,Illinois,COM,commercial,589905,8.84,362.236,4097.5969
2008-03,IN,Indiana,COM,commercial,340456,7.2,139.78426,1942.58835
2008-03,IA,Iowa,COM,commercial,211188,6.76,67.97785,1004.96321
2008-03,KS,Kansas,COM,commercial,235282,7.22,84.28879,1167.48909
2008-03,KY,Kentucky,COM,commercial,295879,6.87,105.06626,1530.08397
2008-03,LA,Louisiana,COM,commercial,263571,9.59,160.16668,1670.53134
2008-03,ME,Maine,COM,commercial,87370,12.83,43.88427,342.05132
2008-03,MD,Maryland,COM,commercial,240545,11.77,268.00209,2276.39605
2009-10,IN,Indiana,COM,commercial,341471,8.11,154.35485,1902.41655
2009-10,IA,Iowa,COM,commercial,216431,7.19,63.71457,886.25603
2009-10,KS,Kansas,COM,commercial,218021,7.96,95.95527,1205.6356
2009-10,KY,Kentucky,COM,commercial,294464,7.36,110.24317,1498.01271
2009-10,LA,Louisiana,COM,commercial,269753,7.32,152.18057,2079.58165
2009-10,ME,Maine,COM,commercial,88034,11.87,42.03615,354.24055
2009-10,MD,Maryland,COM,commercial,243116,11.78,269.53387,2287.16485
2009-10,MA,Massachusetts,COM,commercial,380835,15.16,223.37191,1473.87446
2009-10,MI,Michigan,COM,commercial,523089,9.01,285.31864,3167.09803
2009-11,CO,Colorado,COM,commercial,348868,8.76,141.92395,1620.45585
2009-11,CT,Connecticut,COM,commercial,147457,16.7,165.96615,993.83946
2009-11,DE,Delaware,COM,commercial,49140,11.96,36.75896,307.33154
2009-11,DC,District of Columbia,COM,commercial,26290,13.04,87.38644,670.21318
2009-11,FL,Florida,COM,commercial,1136966,10.85,819.21651,7547.59419
2009-11,GA,Georgia,COM,commercial,545079,8.87,304.47047,3433.58354
2009-11,HI,Hawaii,COM,commercial,60493,23.92,67.25176,281.12694
2009-11,ID,Idaho,COM,commercial,100446,6.67,32.19667,482.48259
2009-11,IL,Illinois,COM,commercial,577984,8.71,336.07013,3857.72298
2009-11,IN,Indiana,COM,commercial,341351,8.01,145.6147,1817.12308
2009-11,IA,Iowa,COM,commercial,216140,7.15,67.5882,945.60271
2009-12,AK,Alaska,COM,commercial,47334,14.06,36.03744,256.2695
2009-12,AZ,Arizona,COM,commercial,299584,8.61,185.59528,2156.81294
2009-12,AR,Arkansas,COM,commercial,178058,7.58,67.43119,889.269
2009-12,CA,California,COM,commercial,1858683,11.31,1134.99496,10031.86284
2009-12,CO,Colorado,COM,commercial,349140,8.2,136.34263,1662.573
2009-12,CT,Connecticut,COM,commercial,153814,16.53,179.11004,1083.85213
2008-08,LA,Louisiana,COM,commercial,266802,11.49,260.36109,2265.52476
2008-08,ME,Maine,COM,commercial,88124,13.66,51.33742,375.80636
2008-08,MD,Maryland,COM,commercial,241608,13.55,370.41606,2734.05351
2008-08,MA,Massachusetts,COM,commercial,379798,17.19,412.61187,2400.24352
2008-08,MI,Michigan,COM,commercial,515760,9.75,334.02563,3425.70641
2008-08,MN,Minnesota,COM,commercial,271571,8.5,178.81933,2102.72141
2008-08,MS,Mississippi,COM,commercial,224791,10.87,143.87243,1323.54627
2008-08,MO,Missouri,COM,commercial,378282,7.75,224.70686,2899.85416
2008-08,MT,Montana,COM,commercial,100394,8.79,38.55086,438.63833
2008-08,NE,Nebraska,COM,commercial,153471,7.22,62.894,870.64292
2008-08,NV,Nevada,COM,commercial,151933,9.6,91.33615,951.61192
2008-09,DE,Delaware,COM,commercial,49113,12.85,50.8208,395.48822
2008-09,DC,District of Columbia,COM,commercial,26680,13.7,107.89834,787.63676
2008-09,FL,Florida,COM,commercial,1139934,10.37,915.92126,8835.32928
2008-09,GA,Georgia,COM,commercial,544944,9.13,384.85115,4213.15912
2008-09,HI,Hawaii,COM,commercial,61682,33.48,102.26721,305.4412
2008-09,ID,Idaho,COM,commercial,99450,5.89,27.98869,474.82974
2008-10,AL,Alabama,COM,commercial,372039,10.66,196.19691,1840.18208
2009-09,PA,Pennsylvania,COM,commercial,679929,9.56,369.82113,3867.20874
2009-09,RI,Rhode Island,COM,commercial,56525,14.23,37.18811,261.29552
2010-04,AK,Alaska,COM,commercial,47697,14.11,32.32848,229.12905
2010-04,AZ,Arizona,COM,commercial,300772,8.79,196.13079,2231.92713
2010-04,AR,Arkansas,COM,commercial,177965,7.43,64.81675,872.00669
2010-04,CA,California,COM,commercial,1853819,11.55,1131.78076,9799.36197
2010-04,CO,Colorado,COM,commercial,350089,9.28,140.68862,1515.79502
2010-04,CT,Connecticut,COM,commercial,158607,16.66,171.8988,1031.93606
2010-04,DE,Delaware,COM,commercial,49840,11.36,36.7566,323.54838
2010-04,DC,District of Columbia,COM,commercial,26477,13.59,92.09117,677.45927
2010-04,FL,Florida,COM,commercial,1124492,10.05,677.95435,6745.09169
2010-04,GA,Georgia,COM,commercial,542805,8.82,309.8931,3511.6354
2010-04,HI,Hawaii,COM,commercial,60530,24.98,66.99532,268.15153
2010-11,OR,Oregon,COM,commercial,239215,7.68,102.64187,1336.70372
2010-12,KY,Kentucky,COM,commercial,297144,7.89,136.30148,1726.6426
2010-01,WSC,West South Central,COM,commercial,2174899,8.8,1203.73387,13675.56205
2010-01,MTN,Mountain,COM,commercial,1321027,7.99,576.58542,7218.71135
2010-01,PACC,Pacific Contiguous,COM,commercial,2349910,10.08,1285.55498,12750.8101
2010-01,PACN,Pacific Noncontiguous,COM,commercial,108386,19.06,100.33288,526.29315
2010-01,US,U.S. Total,COM,commercial,17583534,9.55,10327.21325,108120.50557
2010-04,ID,Idaho,COM,commercial,100937,6.69,30.5782,456.78631
2010-05,AL,Alabama,COM,commercial,354257,10.29,189.15261,1838.77543
2010-05,AK,Alaska,COM,commercial,47848,14.34,31.93784,222.73965
2010-05,AZ,Arizona,COM,commercial,300572,10.08,241.65348,2396.93
2010-05,AR,Arkansas,COM,commercial,177919,7.56,71.51826,946.56303
2010-05,CA,California,COM,commercial,1790317,12.65,1155.90855,9134.05792
2010-05,CO,Colorado,COM,commercial,349961,9.57,149.93235,1566.22147
2010-06,AL,Alabama,COM,commercial,357122,10.03,217.91314,2171.64306
2010-06,AK,Alaska,COM,commercial,47880,14.45,31.59959,218.62215
2010-06,AZ,Arizona,COM,commercial,300643,10.21,274.58932,2689.33876
2010-07,SAT,South Atlantic,COM,commercial,3558793,9.45,2847.54402,30119.98385
2010-07,ESC,East South Central,COM,commercial,1347404,9.43,804.09932,8528.41008
2010-07,WSC,West South Central,COM,commercial,2197452,8.72,1519.80244,17419.31133
2010-07,MTN,Mountain,COM,commercial,1325330,9.27,837.20822,9034.68825
2010-07,PACC,Pacific Contiguous,COM,commercial,2416261,13.27,1965.50737,14808.64982
2010-07,PACN,Pacific Noncontiguous,COM,commercial,108211,20.84,107.47566,515.60203
2010-11,ND,North Dakota,COM,commercial,59126,7.26,30.27912,416.92401
2010-11,OH,Ohio,COM,commercial,613955,9.85,353.1069,3584.40263
2010-11,OK,Oklahoma,COM,commercial,263260,6.72,98.55869,1466.8633
2009-09,SC,South Carolina,COM,commercial,344317,8.74,167.55579,1916.38854
2009-09,SD,South Dakota,COM,commercial,65737,7.25,25.34387,349.66033
2009-09,TN,Tennessee,COM,commercial,459158,9.34,242.47675,2595.81583
2009-09,TX,Texas,COM,commercial,1428142,9.4,1048.71554,11151.16144
2009-09,UT,Utah,COM,commercial,118020,7.54,72.55123,962.01819
2009-09,VT,Vermont,COM,commercial,50132,13.05,21.77801,166.93428
2009-09,VA,Virginia,COM,commercial,407538,8.09,306.3883,3789.19811
2009-09,WA,Washington,COM,commercial,352521,6.9,169.91844,2460.85004
2009-09,WV,West Virginia,COM,commercial,137049,6.63,40.99845,618.63694
2009-09,WI,Wisconsin,COM,commercial,336978,9.82,186.4146,1897.40908
2009-09,WY,Wyoming,COM,commercial,59629,7.56,26.50727,350.486
2009-09,NEW,New England,COM,commercial,808176,15.22,569.17391,3738.66578
2009-09,MAT,Middle Atlantic,COM,commercial,2198758,14.02,1948.65638,13899.92789
2009-09,ENC,East North Central,COM,commercial,2375353,9.37,1403.22216,14983.05568
2009-09,WNC,West North Central,COM,commercial,1355760,7.67,627.21097,8181.02947
2009-09,SAT,South Atlantic,COM,commercial,3521586,9.52,2535.52301,26631.35558
2009-09,ESC,East South Central,COM,commercial,1327454,9.12,673.57163,7386.31109
2009-09,WSC,West South Central,COM,commercial,2141439,8.7,1391.18424,15998.72136
2009-09,MTN,Mountain,COM,commercial,1316650,8.95,746.51943,8340.20455
2009-09,PACC,Pacific Contiguous,COM,commercial,2394039,13.21,2010.37392,15212.92082
2009-09,PACN,Pacific Noncontiguous,COM,commercial,108290,19.47,102.78562,528.03678
2009-09,US,U.S. Total,COM,commercial,17547505,10.45,12008.22126,114900.22901
2009-10,DC,District of Columbia,COM,commercial,26278,13.35,95.20537,713.25448
2009-10,FL,Florida,COM,commercial,1120491,10.63,867.92997,8167.61226
2009-10,GA,Georgia,COM,commercial,544938,9.06,339.95604,3754.21204
2009-10,HI,Hawaii,COM,commercial,60714,24.35,75.14603,308.61027
2009-10,ID,Idaho,COM,commercial,100438,6.68,32.03385,479.29323
2009-10,IL,Illinois,COM,commercial,575661,8.87,355.15415,4004.60926
2009-11,AR,Arkansas,COM,commercial,177685,7.38,63.15618,855.77377
2009-11,CA,California,COM,commercial,1733241,10.98,1007.39058,9172.50355
2009-12,AL,Alabama,COM,commercial,351480,9.91,166.40813,1679.99478
2010-01,ENC,East North Central,COM,commercial,2391647,9.04,1402.08869,15514.14682
2010-01,WNC,West North Central,COM,commercial,1357081,6.9,587.10069,8504.99752
2010-01,SAT,South Atlantic,COM,commercial,3508817,8.56,2159.84777,25229.98941
2010-01,ESC,East South Central,COM,commercial,1331347,8.74,605.30497,6923.06234
2010-04,AL,Alabama,COM,commercial,354718,10.23,170.97293,1671.24232
2010-07,NEW,New England,COM,commercial,829440,14.8,648.64779,4382.8506
2010-07,MAT,Middle Atlantic,COM,commercial,2196727,15.33,2465.20454,16081.52855
2010-07,ENC,East North Central,COM,commercial,2393044,9.53,1678.08395,17602.22168
2010-07,WNC,West North Central,COM,commercial,1369010,8.89,838.17708,9430.7184
2010-11,NV,Nevada,COM,commercial,154207,9.58,66.86398,698.26139
2010-11,NH,New Hampshire,COM,commercial,104486,14.59,48.52417,332.69405
2010-11,NJ,New Jersey,COM,commercial,473652,13.18,400.21796,3035.53494
2010-11,NM,New Mexico,COM,commercial,135684,8.07,55.93114,693.26097
2010-11,NY,New York,COM,commercial,1032689,15.91,916.18427,5758.27181
2010-11,NC,North Carolina,COM,commercial,647459,7.87,273.86799,3479.31477
2010-12,IL,Illinois,COM,commercial,582374,8.02,348.02984,4341.21684
2010-12,IN,Indiana,COM,commercial,341542,8.56,170.50353,1991.71416
2010-12,IA,Iowa,COM,commercial,218556,7.36,77.94221,1059.37453
2010-12,KS,Kansas,COM,commercial,220169,7.86,94.6572,1204.80638
2010-01,WA,Washington,COM,commercial,352303,7.18,182.75293,2544.23455
2010-01,WV,West Virginia,COM,commercial,137000,7.24,49.90975,688.97199
2008-07,MAT,Middle Atlantic,COM,commercial,2177533,16.14,2562.59789,15877.2077
2008-07,ENC,East North Central,COM,commercial,2393726,9.37,1641.34797,17513.57047
2008-07,WNC,West North Central,COM,commercial,1377844,8.08,756.01077,9352.30675
2008-07,SAT,South Atlantic,COM,commercial,3515892,9.72,2841.10853,29237.57564
2008-07,ESC,East South Central,COM,commercial,1353874,9.41,776.14111,8248.77721
2008-07,WSC,West South Central,COM,commercial,2122596,10.96,1855.35439,16921.35068
2008-07,MTN,Mountain,COM,commercial,1329238,8.96,817.04646,9122.50179
2008-07,PACC,Pacific Contiguous,COM,commercial,2425430,12.24,1969.05527,16088.19431
2008-07,PACN,Pacific Noncontiguous,COM,commercial,109116,24.73,130.45076,527.53387
2008-07,US,U.S. Total,COM,commercial,17640732,11.1,14211.259,128072.03466
2008-08,NH,New Hampshire,COM,commercial,103631,14.87,60.69833,408.24578
2010-01,WI,Wisconsin,COM,commercial,338810,9.6,188.31065,1960.62444
2010-01,WY,Wyoming,COM,commercial,59474,7.06,26.28227,372.04531
2010-01,NEW,New England,COM,commercial,845410,14.74,569.92497,3865.24359
2010-01,MAT,Middle Atlantic,COM,commercial,2195010,13.2,1836.73903,13911.68925
2008-07,RI,Rhode Island,COM,commercial,55872,16.25,61.5812,378.88629
2008-07,SC,South Carolina,COM,commercial,343484,8.55,184.42562,2156.28741
2008-07,SD,South Dakota,COM,commercial,65339,7.16,26.92916,376.18797
2008-07,TN,Tennessee,COM,commercial,460870,9.19,259.98211,2829.51158
2008-07,TX,Texas,COM,commercial,1414423,11.58,1335.8755,11531.25862
2008-07,UT,Utah,COM,commercial,115570,6.74,69.80489,1035.21834
2008-07,VT,Vermont,COM,commercial,52302,12.48,23.28814,186.64071
2008-07,VA,Virginia,COM,commercial,404575,8.01,353.59613,4412.11401
2008-07,WA,Washington,COM,commercial,351559,6.67,164.55993,2465.64174
2008-07,WV,West Virginia,COM,commercial,135851,5.96,42.08684,706.07362
2008-07,WI,Wisconsin,COM,commercial,334036,9.69,212.63884,2193.79939
2008-07,WY,Wyoming,COM,commercial,60117,6.91,23.87678,345.76391
2008-07,NEW,New England,COM,commercial,835483,16.63,862.14584,5183.01626
2010-11,MAT,Middle Atlantic,COM,commercial,2186253,13.54,1671.04111,12340.00981
2010-11,ENC,East North Central,COM,commercial,2392011,9.38,1340.25698,14287.16867
2010-12,NV,Nevada,COM,commercial,154685,8.97,60.7746,677.37632
2010-12,NH,New Hampshire,COM,commercial,104407,14.15,51.19759,361.84995
2016-11,AZ,Arizona,COM,commercial,319219,9.57,211.29869,2208.38006
2016-11,AR,Arkansas,COM,commercial,190964,8.12,77.616,956.38624
2008-03,UT,Utah,COM,commercial,114194,6.28,46.51993,740.85685
2008-03,VT,Vermont,COM,commercial,49229,12.61,21.26502,168.58683
2008-03,VA,Virginia,COM,commercial,402828,6.56,223.94989,3413.30982
2008-03,WA,Washington,COM,commercial,350105,6.86,173.78213,2533.99774
2008-03,WV,West Virginia,COM,commercial,135242,5.99,36.03016,601.47917
2008-03,WI,Wisconsin,COM,commercial,331657,8.86,174.42741,1968.50596
2008-03,WY,Wyoming,COM,commercial,58075,6.6,24.67708,374.16945
2008-03,NEW,New England,COM,commercial,830935,15.02,670.00616,4460.59814
2008-03,MAT,Middle Atlantic,COM,commercial,2170120,12.7,1728.55974,13608.91114
2008-03,ENC,East North Central,COM,commercial,2391689,8.67,1302.16445,15015.04359
2008-03,WNC,West North Central,COM,commercial,1355882,6.66,525.77823,7895.19795
2008-03,SAT,South Atlantic,COM,commercial,3504080,8.88,2022.80169,22773.94247
2009-12,MD,Maryland,COM,commercial,243533,11.13,285.64258,2565.77743
2009-12,MA,Massachusetts,COM,commercial,377980,14.47,215.46668,1489.44296
2009-12,MI,Michigan,COM,commercial,523503,9.43,304.50531,3227.44697
2009-12,MN,Minnesota,COM,commercial,274077,7.64,147.73303,1933.54616
2009-12,MS,Mississippi,COM,commercial,222348,9.36,91.0197,972.76171
2009-12,MO,Missouri,COM,commercial,368640,6.24,165.4856,2652.88865
2009-12,MT,Montana,COM,commercial,100695,8.19,34.95599,426.78341
2009-12,NE,Nebraska,COM,commercial,154565,6.95,57.29003,824.23578
2009-12,NV,Nevada,COM,commercial,153635,10.55,72.61913,688.19433
2009-12,NH,New Hampshire,COM,commercial,92874,13.99,49.85651,356.48054
2008-03,SD,South Dakota,COM,commercial,65072,6.65,23.16379,348.3297
2009-11,NV,Nevada,COM,commercial,153928,10.68,71.32957,668.14919
2009-11,NH,New Hampshire,COM,commercial,92804,13.84,47.15596,340.74062
2009-11,NJ,New Jersey,COM,commercial,484556,12.86,376.35985,2926.83328
2009-11,NM,New Mexico,COM,commercial,135247,8.11,55.71794,686.61069
2009-11,NY,New York,COM,commercial,1034569,14.62,839.661,5742.04303
2009-11,NC,North Carolina,COM,commercial,645964,8.1,272.80409,3369.81469
2009-11,ND,North Dakota,COM,commercial,57367,6.88,25.72631,374.10085
2009-11,OH,Ohio,COM,commercial,612346,9.59,317.37077,3308.93882
2009-11,OK,Oklahoma,COM,commercial,265696,6.54,91.7826,1402.47215
2009-11,OR,Oregon,COM,commercial,236698,7.67,96.11762,1253.32656
2009-11,PA,Pennsylvania,COM,commercial,675978,9.34,330.00476,3533.16758
2009-11,RI,Rhode Island,COM,commercial,56665,13.72,38.41602,280.04258
2009-11,SC,South Carolina,COM,commercial,342885,9.15,141.05442,1542.31134
2009-11,SD,South Dakota,COM,commercial,65830,7.17,23.65541,329.87327
2009-11,TN,Tennessee,COM,commercial,458145,8.95,186.67576,2086.84736
2009-12,LA,Louisiana,COM,commercial,270318,7.48,132.71842,1774.01841
2009-12,ME,Maine,COM,commercial,87766,12.46,45.34457,363.88598
2008-03,ESC,East South Central,COM,commercial,1349843,8.29,531.75424,6413.52002
2008-03,WSC,West South Central,COM,commercial,2116101,9.52,1160.72304,12186.6099
2008-04,AL,Alabama,COM,commercial,370984,8.94,151.5492,1695.46793
2008-04,AK,Alaska,COM,commercial,46907,13.94,31.76043,227.83736
2008-04,AZ,Arizona,COM,commercial,296948,8.56,193.86633,2265.72264
2008-04,AR,Arkansas,COM,commercial,175697,7.49,63.42149,847.06452
2008-04,CA,California,COM,commercial,1792945,11.15,1086.32274,9746.17886
2008-04,CO,Colorado,COM,commercial,359233,8.96,140.43393,1567.98023
2008-05,AL,Alabama,COM,commercial,371240,9.23,175.61645,1902.24411
2008-05,AK,Alaska,COM,commercial,47101,14.02,31.79308,226.74069
2008-05,AZ,Arizona,COM,commercial,297703,9.25,233.77103,2526.71909
2008-06,AL,Alabama,COM,commercial,372035,10.28,217.01766,2111.6633
2008-06,AK,Alaska,COM,commercial,47065,13.68,29.67037,216.94347
2008-03,TX,Texas,COM,commercial,1414147,10.2,841.14592,8245.4015
2010-04,IL,Illinois,COM,commercial,578862,8.71,332.65939,3819.25843
2010-04,IN,Indiana,COM,commercial,341646,8.22,145.04849,1765.35834
2010-04,IA,Iowa,COM,commercial,217291,7.66,70.28398,918.01396
2010-04,KS,Kansas,COM,commercial,218487,8.13,92.41631,1136.4708
2008-08,OH,Ohio,COM,commercial,612756,9.32,398.33316,4272.84212
2008-08,OK,Oklahoma,COM,commercial,264874,9.24,167.88695,1816.53739
2008-08,OR,Oregon,COM,commercial,235145,7.19,102.77835,1429.16374
2008-08,PA,Pennsylvania,COM,commercial,676962,9.77,402.75756,4123.63834
2008-08,RI,Rhode Island,COM,commercial,56437,16,47.18367,294.96415
2008-12,CT,Connecticut,COM,commercial,155868,16.84,187.06162,1110.69006
2009-08,AL,Alabama,COM,commercial,351546,10.11,215.40673,2130.84077
2009-08,AK,Alaska,COM,commercial,47405,14.37,33.25505,231.46097
2009-11,TX,Texas,COM,commercial,1467590,9.54,798.20215,8366.35557
2009-11,UT,Utah,COM,commercial,118872,6.46,51.10107,790.58517
2009-11,VT,Vermont,COM,commercial,50472,12.95,19.61676,151.52361
2009-11,VA,Virginia,COM,commercial,407865,7.96,268.8071,3375.08876
2009-11,WA,Washington,COM,commercial,349329,7.22,169.90625,2354.32918
2009-11,WV,West Virginia,COM,commercial,137209,7.48,42.13585,563.24082
2009-11,WI,Wisconsin,COM,commercial,336441,9.48,158.525,1672.23344
2009-11,WY,Wyoming,COM,commercial,59291,7.34,25.79462,351.2118
2009-11,NEW,New England,COM,commercial,810480,14.74,506.0811,3433.59658
2009-11,MAT,Middle Atlantic,COM,commercial,2195103,12.67,1546.02562,12202.04389
2009-11,ENC,East North Central,COM,commercial,2390139,9.1,1239.45661,13626.18381
2009-11,WNC,West North Central,COM,commercial,1354702,7.06,530.6711,7513.38871
2009-11,SAT,South Atlantic,COM,commercial,3534674,9.73,2241.83657,23049.79833
2009-11,ESC,East South Central,COM,commercial,1326543,8.84,539.05335,6096.6034
2009-11,WSC,West South Central,COM,commercial,2180468,8.71,1081.96827,12429.24211
2009-11,MTN,Mountain,COM,commercial,1316924,8.42,609.58103,7242.91412
2009-11,PACC,Pacific Contiguous,COM,commercial,2319268,9.96,1273.41445,12780.15929
2009-11,PACN,Pacific Noncontiguous,COM,commercial,107780,19.33,101.9424,527.33024
2009-11,US,U.S. Total,COM,commercial,17536081,9.78,9670.0305,98901.26048
2009-12,NJ,New Jersey,COM,commercial,478830,13.04,429.36586,3291.92791
2009-12,NM,New Mexico,COM,commercial,135762,8.02,54.92996,685.32727
2009-12,NY,New York,COM,commercial,1042801,15.4,963.70175,6256.24685
2009-12,NC,North Carolina,COM,commercial,646879,7.88,290.84558,3692.02983
2009-12,ND,North Dakota,COM,commercial,57515,6.36,28.19238,443.29871
2009-12,OH,Ohio,COM,commercial,612938,9.34,357.88429,3829.89127
2009-12,OK,Oklahoma,COM,commercial,266239,6.22,98.0095,1576.55248
2010-04,MN,Minnesota,COM,commercial,275558,8,136.61256,1708.50658
2010-04,MS,Mississippi,COM,commercial,222140,9.49,95.30257,1004.00855
2019-09,FL,Florida,COM,commercial,1244147,9.19,824.11933,8971.52494
2010-11,NEW,New England,COM,commercial,830081,14.43,505.46755,3502.2831
2009-11,MT,Montana,COM,commercial,100531,8.16,29.73667,364.3018
2009-11,NE,Nebraska,COM,commercial,154002,7,52.09101,743.74714
2009-12,DE,Delaware,COM,commercial,49197,11.61,39.0998,336.65703
2009-12,DC,District of Columbia,COM,commercial,26430,13.17,100.76919,765.24596
2009-12,FL,Florida,COM,commercial,1122985,10.63,786.17589,7396.25098
2009-12,GA,Georgia,COM,commercial,546339,8.96,326.8859,3646.99738
2009-12,HI,Hawaii,COM,commercial,60628,24.05,66.52118,276.59798
2009-12,ID,Idaho,COM,commercial,100659,6.52,36.03577,552.2949
2009-12,IL,Illinois,COM,commercial,577570,8.41,374.7328,4455.73252
2009-12,IN,Indiana,COM,commercial,341658,8.04,161.01077,2002.87545
2009-12,IA,Iowa,COM,commercial,216616,7.05,76.66915,1087.01452
2009-12,KS,Kansas,COM,commercial,218822,7.28,90.4529,1242.08265
2009-12,KY,Kentucky,COM,commercial,296380,7.23,114.23915,1579.16434
2020-02,MAT,Middle Atlantic,COM,commercial,2377883,11.61,1392.66644,11990.80991
2020-02,ENC,East North Central,COM,commercial,2527486,9.94,1421.98582,14301.68919
2020-02,WNC,West North Central,COM,commercial,1470858,9.09,745.95102,8207.23249
2020-02,SAT,South Atlantic,COM,commercial,3853398,9.23,2167.5597,23490.67403
2020-08,NE,Nebraska,COM,commercial,155994,9.36,83.17242,888.60708
2020-08,NV,Nevada,COM,commercial,170033,7.76,99.13931,1277.98624
2020-08,NH,New Hampshire,COM,commercial,109280,15.4,54.83325,355.98239
2020-08,NJ,New Jersey,COM,commercial,524520,12.99,437.97954,3372.71249
2020-06,DE,Delaware,COM,commercial,56804,9.38,33.82617,360.61819
2020-06,DC,District of Columbia,COM,commercial,26710,12.09,61.27787,506.93702
2020-07,NE,Nebraska,COM,commercial,155984,9.36,80.4051,858.95378
2020-07,ENC,East North Central,COM,commercial,2539445,10.12,1697.39682,16775.11342
2008-12,NY,New York,COM,commercial,1036656,14.83,965.03298,6505.56023
2008-12,ND,North Dakota,COM,commercial,57029,6.56,28.32559,431.71709
2009-08,CT,Connecticut,COM,commercial,147345,16.77,203.91921,1215.6251
2008-12,MA,Massachusetts,COM,commercial,382459,16.09,329.01068,2045.25501
2009-08,DE,Delaware,COM,commercial,49228,12.07,46.68243,386.63389
2009-08,DC,District of Columbia,COM,commercial,26215,13.1,116.85916,892.02601
2020-08,MO,Missouri,COM,commercial,388618,10.32,279.02149,2702.45651
2020-08,MT,Montana,COM,commercial,111069,10.52,44.29187,421.07753
2016-11,CA,California,COM,commercial,1667297,14.29,1349.71763,9447.86488
2016-11,CO,Colorado,COM,commercial,368654,9.81,157.58263,1605.83401
2018-08,CA,California,COM,commercial,1745783,18.74,2322.54388,12393.4095
2008-10,IA,Iowa,COM,commercial,212227,6.94,70.50023,1016.42427
2008-10,KS,Kansas,COM,commercial,237607,7.21,90.64492,1256.63519
2008-10,KY,Kentucky,COM,commercial,296235,7.46,118.53592,1588.77546
2008-10,LA,Louisiana,COM,commercial,266354,10.57,204.9186,1938.05648
2008-10,ME,Maine,COM,commercial,87969,12.87,42.68065,331.59999
2008-10,MD,Maryland,COM,commercial,241751,13.69,325.15219,2374.79347
2008-10,MA,Massachusetts,COM,commercial,382357,16.41,345.30141,2104.51548
2008-10,MI,Michigan,COM,commercial,516231,9.22,292.65509,3174.64031
2008-10,MN,Minnesota,COM,commercial,272454,7.51,138.5132,1845.53976
2008-10,MS,Mississippi,COM,commercial,225186,10.1,113.99644,1128.45375
2008-10,MO,Missouri,COM,commercial,369130,6.11,156.07944,2554.70996
2008-10,MT,Montana,COM,commercial,100650,8.62,33.62919,390.27046
2008-10,NE,Nebraska,COM,commercial,153846,6.72,50.30814,748.12427
2008-10,NV,Nevada,COM,commercial,153658,10.35,81.74011,789.39466
2008-10,NH,New Hampshire,COM,commercial,103730,15.02,53.24161,354.57513
2008-10,NJ,New Jersey,COM,commercial,467529,13.38,435.71545,3257.36737
2008-11,CT,Connecticut,COM,commercial,149553,17.41,175.19472,1006.02821
2008-11,DE,Delaware,COM,commercial,49033,12.04,38.1834,317.05432
2008-11,DC,District of Columbia,COM,commercial,26696,13.12,93.55627,713.17359
2008-11,FL,Florida,COM,commercial,1138714,10.53,771.74581,7330.5693
2008-11,GA,Georgia,COM,commercial,544221,9,319.97725,3556.74328
2008-11,HI,Hawaii,COM,commercial,61362,30.47,87.89392,288.46909
2008-11,ID,Idaho,COM,commercial,99792,6.08,29.85093,490.83659
2008-11,IL,Illinois,COM,commercial,579791,9.55,372.24961,3899.90538
2008-11,IN,Indiana,COM,commercial,341837,8.33,155.79523,1869.37084
2008-11,IA,Iowa,COM,commercial,211847,6.7,61.75133,922.03039
2008-11,KS,Kansas,COM,commercial,237666,7.01,81.64923,1165.16081
2008-12,AZ,Arizona,COM,commercial,301187,8.41,187.89076,2233.55291
2008-12,AR,Arkansas,COM,commercial,176650,7.42,67.23858,905.81115
2008-12,CA,California,COM,commercial,1862815,11.11,1144.40358,10297.13393
2008-12,CO,Colorado,COM,commercial,359048,7.8,131.75261,1690.02346
2020-02,WA,Washington,COM,commercial,384848,8.84,216.75017,2450.93555
2020-02,WV,West Virginia,COM,commercial,145841,9.61,54.94098,571.50419
2020-02,WI,Wisconsin,COM,commercial,358605,10.54,199.35166,1890.69816
2020-02,WY,Wyoming,COM,commercial,58064,9.25,27.86848,301.17888
2020-02,NEW,New England,COM,commercial,885086,16.35,662.9647,4053.88652
2008-03,TN,Tennessee,COM,commercial,459984,8.4,189.40468,2253.79097
2008-09,OH,Ohio,COM,commercial,612693,9.37,373.25904,3984.08428
2008-09,OK,Oklahoma,COM,commercial,265218,8.88,148.53677,1673.42068
2008-09,OR,Oregon,COM,commercial,235426,7.3,97.85459,1340.53302
2008-09,PA,Pennsylvania,COM,commercial,677276,9.46,385.08138,4070.03393
2008-09,RI,Rhode Island,COM,commercial,56173,15.12,46.96585,310.6879
2008-09,SC,South Carolina,COM,commercial,343954,8.72,171.38509,1964.65699
2008-09,SD,South Dakota,COM,commercial,64803,7.39,25.93628,351.02703
2008-09,TN,Tennessee,COM,commercial,461394,9.13,253.11282,2770.83702
2008-09,TX,Texas,COM,commercial,1421589,10.78,1080.22797,10022.21935
2008-09,UT,Utah,COM,commercial,115715,7.35,62.8923,855.58372
2008-09,VT,Vermont,COM,commercial,49554,12.74,21.8982,171.8285
2008-09,VA,Virginia,COM,commercial,405687,8.01,328.44452,4100.78609
2008-09,WA,Washington,COM,commercial,352595,6.69,161.57646,2415.14608
2008-09,WV,West Virginia,COM,commercial,136111,6.15,39.45324,641.63817
2008-09,WI,Wisconsin,COM,commercial,334980,9.69,190.73149,1967.60702
2008-09,WY,Wyoming,COM,commercial,60150,6.95,24.3124,349.99586
2008-09,NEW,New England,COM,commercial,836179,15.9,776.12909,4882.00035
2008-09,MAT,Middle Atlantic,COM,commercial,2176624,14.93,2160.48856,14471.9128
2008-09,ENC,East North Central,COM,commercial,2390045,9.26,1459.19833,15755.54497
2008-09,WNC,West North Central,COM,commercial,1365908,7.42,615.88841,8299.48085
2008-09,SAT,South Atlantic,COM,commercial,3548257,9.71,2694.20127,27745.73664
2008-09,ESC,East South Central,COM,commercial,1355051,9.29,725.12099,7801.63821
2008-09,WSC,West South Central,COM,commercial,2129719,10.39,1544.02576,14865.59338
2008-09,MTN,Mountain,COM,commercial,1323247,8.79,730.07651,8301.76857
2008-09,PACC,Pacific Contiguous,COM,commercial,2392856,12.14,1896.68885,15627.11707
2008-09,PACN,Pacific Noncontiguous,COM,commercial,108998,25.05,134.76741,538.05435
2008-09,US,U.S. Total,COM,commercial,17626884,10.77,12736.58516,118288.84717
2008-10,ID,Idaho,COM,commercial,99712,6.03,29.30848,485.77463
2008-10,IL,Illinois,COM,commercial,576302,9.52,410.69906,4314.74238
2008-10,IN,Indiana,COM,commercial,341864,8.23,166.34585,2020.74053
2008-11,CO,Colorado,COM,commercial,358473,8.3,139.76671,1684.28175
2009-10,PACC,Pacific Contiguous,COM,commercial,2422234,11.89,1740.58429,14633.39695
2009-10,PACN,Pacific Noncontiguous,COM,commercial,108142,20.02,107.40673,536.57845
2009-10,US,U.S. Total,COM,commercial,17653521,10.13,10991.16194,108513.64705
2009-11,KS,Kansas,COM,commercial,218585,7.73,86.40931,1118.38749
2009-11,KY,Kentucky,COM,commercial,295440,7.18,98.64662,1374.71173
2009-11,LA,Louisiana,COM,commercial,269497,7.14,128.82735,1804.64063
2009-11,ME,Maine,COM,commercial,87924,12.41,37.86201,305.0874
2009-11,MD,Maryland,COM,commercial,243276,12.01,269.20273,2240.62027
2009-11,MA,Massachusetts,COM,commercial,375158,14.46,197.06421,1362.36292
2009-11,MI,Michigan,COM,commercial,522017,9.49,281.876,2970.16549
2009-11,MN,Minnesota,COM,commercial,273837,7.86,136.08345,1731.93334
2009-11,MS,Mississippi,COM,commercial,221853,9.53,93.29941,979.47737
2009-11,MO,Missouri,COM,commercial,368941,6.13,139.11741,2269.74392
2019-11,WNC,West North Central,COM,commercial,1471133,9.13,732.88405,8029.5515
2019-11,SAT,South Atlantic,COM,commercial,3865326,9.49,2301.63059,24258.49442
2019-11,ESC,East South Central,COM,commercial,1422087,10.97,763.76271,6959.8054
2019-11,WSC,West South Central,COM,commercial,2309099,8.25,1203.13538,14580.69159
2019-12,UT,Utah,COM,commercial,132402,7.43,71.82999,967.07859
2019-12,VT,Vermont,COM,commercial,59058,16.15,25.93613,160.63453
2019-12,VA,Virginia,COM,commercial,435784,8.11,354.10715,4367.92814
2019-12,WA,Washington,COM,commercial,389912,8.84,232.38318,2629.33681
2010-07,AL,Alabama,COM,commercial,359088,10.04,227.75231,2268.29336
2010-07,AK,Alaska,COM,commercial,47878,14.18,31.67139,223.28536
2010-07,US,U.S. Total,COM,commercial,17741672,10.72,13711.75038,127923.96458
2010-11,PA,Pennsylvania,COM,commercial,679912,10,354.63888,3546.20306
2010-11,RI,Rhode Island,COM,commercial,57151,12.8,36.80621,287.47695
2010-11,SC,South Carolina,COM,commercial,340481,9.21,142.97155,1551.62026
2010-11,SD,South Dakota,COM,commercial,66488,7.52,25.59642,340.56025
2010-11,TN,Tennessee,COM,commercial,461942,10.55,220.56739,2091.65061
2010-11,TX,Texas,COM,commercial,1453486,8.75,781.61842,8930.21184
2010-11,UT,Utah,COM,commercial,123540,6.7,53.93971,804.77929
2010-11,VT,Vermont,COM,commercial,50866,13.8,21.80734,157.99562
2010-11,VA,Virginia,COM,commercial,427381,7.61,273.00328,3586.00271
2010-11,WA,Washington,COM,commercial,353217,7.6,179.25241,2357.15955
2010-11,WV,West Virginia,COM,commercial,137103,8.16,50.90252,623.76288
2010-12,LA,Louisiana,COM,commercial,279438,8.03,145.77809,1814.95083
2010-12,ME,Maine,COM,commercial,88188,12.31,44.50007,361.44627
2010-12,MD,Maryland,COM,commercial,244830,11.75,309.2693,2631.0311
2010-12,MA,Massachusetts,COM,commercial,378828,14.42,220.27093,1527.17377
2010-12,MI,Michigan,COM,commercial,518815,9.59,271.05079,2826.65914
2010-12,MN,Minnesota,COM,commercial,278112,8.23,158.55609,1926.52498
2020-04,NC,North Carolina,COM,commercial,707195,8.85,274.93539,3108.07574
2020-04,ND,North Dakota,COM,commercial,76584,8.89,46.18006,519.35611
2020-05,IL,Illinois,COM,commercial,628557,9.41,311.95152,3315.63595
2020-05,IN,Indiana,COM,commercial,362795,10.94,175.54248,1604.62011
2020-05,IA,Iowa,COM,commercial,243627,10.89,86.89832,798.09392
2020-05,KS,Kansas,COM,commercial,235776,11.08,114.57601,1034.00957
2020-05,KY,Kentucky,COM,commercial,310846,10.77,144.12287,1338.34448
2020-05,LA,Louisiana,COM,commercial,295164,8.75,143.68908,1641.66808
2020-05,ME,Maine,COM,commercial,99133,12.67,31.83576,251.31129
2020-05,MD,Maryland,COM,commercial,256409,10.01,193.17118,1930.03206
2020-05,MA,Massachusetts,COM,commercial,410489,15.22,252.41769,1658.14702
2020-05,MI,Michigan,COM,commercial,545689,11.67,306.42543,2625.82502
2020-05,MN,Minnesota,COM,commercial,303223,10.53,163.15173,1549.87459
2020-05,MS,Mississippi,COM,commercial,236386,10.7,99.754,932.03125
2020-06,CA,California,COM,commercial,1753579,18.99,1721.48221,9063.84952
2020-06,CO,Colorado,COM,commercial,384855,11.34,181.90176,1603.45388
2020-06,CT,Connecticut,COM,commercial,155311,16.13,160.38689,994.37763
2010-05,CT,Connecticut,COM,commercial,158378,16.61,166.62753,1003.14515
2010-05,DE,Delaware,COM,commercial,49936,11.42,36.47894,319.50735
2010-05,DC,District of Columbia,COM,commercial,26441,13.09,104.01906,794.39361
2010-05,FL,Florida,COM,commercial,1123405,9.94,750.76365,7550.90377
2010-05,GA,Georgia,COM,commercial,543082,8.92,355.42041,3984.64345
2010-05,HI,Hawaii,COM,commercial,60345,26.11,74.39663,284.91179
2010-05,ID,Idaho,COM,commercial,100936,6.85,30.59473,446.57849
2010-05,IL,Illinois,COM,commercial,577648,8.77,351.14802,4001.82012
2010-05,IN,Indiana,COM,commercial,341308,8.33,165.55844,1986.33816
2010-05,IA,Iowa,COM,commercial,217567,7.93,75.1596,947.866
2010-06,AR,Arkansas,COM,commercial,179556,7.78,87.39077,1123.13362
2010-06,CA,California,COM,commercial,1791500,14.68,1560.68484,10628.79579
2010-06,CO,Colorado,COM,commercial,350065,10.19,171.70801,1685.02
2010-06,CT,Connecticut,COM,commercial,149457,16.45,195.36053,1187.59087
2010-06,DE,Delaware,COM,commercial,49880,11.7,43.07877,368.34213
2010-06,DC,District of Columbia,COM,commercial,26466,13.52,123.71342,915.37182
2015-06,WI,Wisconsin,COM,commercial,346523,11.45,231.71706,2023.23576
2015-06,WY,Wyoming,COM,commercial,57556,9.33,31.5037,337.65242
2015-06,NEW,New England,COM,commercial,892874,14.98,675.59311,4511.43793
2015-06,MAT,Middle Atlantic,COM,commercial,2261104,13.91,1861.16518,13380.25619
2015-06,WNC,West North Central,COM,commercial,1408809,10.2,890.67658,8730.96507
2016-02,MS,Mississippi,COM,commercial,231775,9.79,103.78259,1059.84455
2016-02,MO,Missouri,COM,commercial,375979,8.27,196.29062,2373.60034
2016-02,MT,Montana,COM,commercial,105269,9.88,40.2183,407.07083
2016-03,NM,New Mexico,COM,commercial,141658,9.26,61.72406,666.3287
2016-03,NY,New York,COM,commercial,1064371,13.54,828.92463,6120.76333
2016-03,NC,North Carolina,COM,commercial,669690,8.5,310.99773,3659.67915
2016-03,ND,North Dakota,COM,commercial,72839,8.94,48.09553,538.1679
2015-06,ENC,East North Central,COM,commercial,2456059,10.1,1595.82902,15795.48632
2015-07,GA,Georgia,COM,commercial,562576,11.47,536.21917,4674.22393
2015-07,HI,Hawaii,COM,commercial,60601,27.3,78.71808,288.33883
2016-11,DC,District of Columbia,COM,commercial,25973,11.77,75.03969,637.41426
2016-02,MN,Minnesota,COM,commercial,289035,9.5,178.48565,1879.59358
2016-11,FL,Florida,COM,commercial,1218559,9.03,664.48824,7359.19115
2020-09,DE,Delaware,COM,commercial,57067,8.47,29.03678,342.82785
2020-09,DC,District of Columbia,COM,commercial,26704,11.79,67.68751,574.344
2020-09,FL,Florida,COM,commercial,1258733,9.03,763.54979,8459.45826
2015-05,MI,Michigan,COM,commercial,532283,10.85,346.57021,3193.83713
2015-05,MN,Minnesota,COM,commercial,291895,9.56,177.55461,1857.79109
2015-05,MS,Mississippi,COM,commercial,230377,10.54,122.06542,1157.9542
2015-06,ME,Maine,COM,commercial,98077,11.74,39.10968,333.12613
2016-01,ID,Idaho,COM,commercial,106753,7.41,40.59378,547.86531
2016-01,IL,Illinois,COM,commercial,606658,8.69,382.16868,4399.52341
2016-01,IN,Indiana,COM,commercial,348971,9.53,189.04208,1983.03422
2016-01,IA,Iowa,COM,commercial,232199,8.05,86.58541,1076.24088
2016-02,CO,Colorado,COM,commercial,362505,8.87,140.47948,1584.34148
2016-02,CT,Connecticut,COM,commercial,152197,16.15,160.7796,995.25075
2016-03,AZ,Arizona,COM,commercial,317016,9.68,215.58381,2226.69644
2016-03,AR,Arkansas,COM,commercial,189478,8.06,71.02501,881.50209
2016-03,CA,California,COM,commercial,1745352,13.78,1305.59261,9474.35786
2016-03,CO,Colorado,COM,commercial,365065,8.94,149.21912,1669.38569
2015-05,MO,Missouri,COM,commercial,373501,9.49,231.86912,2443.25287
2015-05,MT,Montana,COM,commercial,104053,10.3,39.32259,381.92572
2015-06,MD,Maryland,COM,commercial,249760,10.95,291.96095,2665.8589
2015-06,MA,Massachusetts,COM,commercial,425603,15.2,331.72368,2183.06606
2015-06,MI,Michigan,COM,commercial,532655,10.84,357.50211,3296.52569
2016-11,LA,Louisiana,COM,commercial,290056,8.71,174.10275,1998.13242
2016-11,ME,Maine,COM,commercial,96083,12.39,36.00966,290.64763
2015-06,WA,Washington,COM,commercial,362496,8.13,203.19211,2498.45592
2015-06,WV,West Virginia,COM,commercial,141904,8.6,60.03487,697.94208
2015-07,CT,Connecticut,COM,commercial,150952,15.01,183.29423,1221.22008
2015-07,DE,Delaware,COM,commercial,52961,10.04,38.10992,379.56274
2015-07,DC,District of Columbia,COM,commercial,25763,11.85,94.68513,799.09221
2015-07,FL,Florida,COM,commercial,1180334,9.41,831.27527,8832.3647
2015-08,AL,Alabama,COM,commercial,363435,10.94,252.5299,2307.87646
2015-08,AK,Alaska,COM,commercial,50753,17.86,41.18308,230.57449
2019-05,SD,South Dakota,COM,commercial,73673,9.6,36.16873,376.71361
2020-08,MAT,Middle Atlantic,COM,commercial,2391184,13.19,1753.85864,13296.83677
2020-08,ENC,East North Central,COM,commercial,2536316,10.13,1633.34344,16117.09497
2020-08,WNC,West North Central,COM,commercial,1480234,10.47,955.02657,9120.69658
2018-08,SC,South Carolina,COM,commercial,378033,8.08,180.22568,2231.89319
2019-03,ESC,East South Central,COM,commercial,1408017,10.77,753.63445,6995.24658
2019-03,WSC,West South Central,COM,commercial,2315129,8.24,1192.71957,14472.43122
2019-03,MTN,Mountain,COM,commercial,1424985,9.22,703.84989,7633.1081
2019-03,PACC,Pacific Contiguous,COM,commercial,2341152,12.81,1689.94766,13196.36153
2020-08,NY,New York,COM,commercial,1145157,15.82,1037.87143,6559.11562
2020-08,NC,North Carolina,COM,commercial,711424,8.82,391.69281,4439.71621
2020-08,ND,North Dakota,COM,commercial,76827,9.49,51.63762,544.14948
2020-08,OH,Ohio,COM,commercial,637634,9.48,381.30247,4023.04372
2020-08,OK,Oklahoma,COM,commercial,290671,8.24,158.32603,1921.75754
2020-08,OR,Oregon,COM,commercial,239780,8.91,125.54337,1408.46912
2020-08,PA,Pennsylvania,COM,commercial,721507,8.26,278.00767,3365.00866
2020-08,RI,Rhode Island,COM,commercial,61044,16.41,53.13432,323.79171
2020-08,SC,South Carolina,COM,commercial,396073,10.46,219.28371,2095.87848
2020-08,SD,South Dakota,COM,commercial,74513,10.23,45.02655,440.2521
2020-08,TN,Tennessee,COM,commercial,507262,10.42,355.13414,3408.64817
2019-05,TX,Texas,COM,commercial,1538270,7.85,909.41818,11582.9142
2019-05,UT,Utah,COM,commercial,132291,8.74,83.24533,952.05192
2020-02,ESC,East South Central,COM,commercial,1410487,10.72,739.29629,6895.34287
2020-02,WSC,West South Central,COM,commercial,2310849,7.88,1163.47049,14764.86552
2020-02,MTN,Mountain,COM,commercial,1442521,8.92,653.42453,7322.29278
2020-02,PACC,Pacific Contiguous,COM,commercial,2291363,13.48,1554.41553,11530.04016
2020-02,PACN,Pacific Noncontiguous,COM,commercial,121144,24.66,112.9315,457.93531
2020-02,US,U.S. Total,COM,commercial,18691075,10.3,10614.66602,103014.76876
2020-07,WNC,West North Central,COM,commercial,1480860,10.46,971.51959,9288.2746
2020-07,SAT,South Atlantic,COM,commercial,3880507,8.93,2684.60466,30076.86782
2020-07,ESC,East South Central,COM,commercial,1430702,10.59,919.93984,8686.40793
2020-07,WSC,West South Central,COM,commercial,2328968,7.63,1505.84143,19741.63336
2020-07,MTN,Mountain,COM,commercial,1450579,10.04,938.80493,9349.19647
2020-07,PACC,Pacific Contiguous,COM,commercial,2408174,16.82,2436.31302,14481.20897
2020-08,NM,New Mexico,COM,commercial,145213,11.26,92.6881,823.22756
2019-05,TN,Tennessee,COM,commercial,495401,10.32,299.91912,2905.4822
2019-06,NH,New Hampshire,COM,commercial,108432,15.64,55.01592,351.71864
2020-02,TX,Texas,COM,commercial,1535826,7.73,832.88821,10779.72449
2020-02,UT,Utah,COM,commercial,134247,7.83,70.17112,896.20534
2020-02,VT,Vermont,COM,commercial,59267,16.06,24.91572,155.15135
2020-02,VA,Virginia,COM,commercial,435799,7.92,339.04879,4281.88322
2020-08,VT,Vermont,COM,commercial,59726,15.92,26.43172,166.01875
2020-08,VA,Virginia,COM,commercial,437874,7.55,391.00708,5177.34001
2020-05,WSC,West South Central,COM,commercial,2313918,7.76,1124.96071,14504.88779
2020-05,MTN,Mountain,COM,commercial,1447213,9.64,726.32804,7531.0996
2020-05,PACC,Pacific Contiguous,COM,commercial,2320430,14.42,1553.90252,10777.40049
2020-05,PACN,Pacific Noncontiguous,COM,commercial,121328,24.84,95.56513,384.66419
2020-05,US,U.S. Total,COM,commercial,18763333,10.4,9811.52505,94299.1629
2020-06,ID,Idaho,COM,commercial,114627,8.46,42.07254,497.09305
2007-07,AL,Alabama,COM,commercial,,8.62,189.18969,2193.63371
2007-07,AK,Alaska,COM,commercial,,12.44,28.19879,226.68199
2007-07,AZ,Arizona,COM,commercial,,8.95,266.806,2980.70415
2007-07,AR,Arkansas,COM,commercial,,7.14,80.97238,1133.31969
