period,stateid,stateDescription,sectorid,sectorName,customers,price,revenue,sales
2023-12,KY,Kentucky,TRA,transportation,0,0,0,0
2023-12,LA,Louisiana,ALL,all sectors,2455701,8.69,614.41323,7074.35436
2023-12,LA,Louisiana,COM,commercial,299081,10.75,182.7784,1700.61443
2023-12,LA,Louisiana,IND,industrial,18191,5.84,185.3438,3175.74584
2023-12,LA,Louisiana,OTH,other,,,,
2023-12,LA,Louisiana,RES,residential,2138428,11.21,246.20195,2197.19995
2023-12,LA,Louisiana,TRA,transportation,1,11.22,.08909,.79415
2023-12,ME,Maine,ALL,all sectors,851039,22.14,201.39012,909.57582
2023-12,ME,Maine,COM,commercial,109856,19.04,59.48103,312.3855
2023-12,ME,Maine,IND,industrial,2000,13.7,24.19577,176.63749
2023-12,ME,Maine,OTH,other,,,,
2023-12,ME,Maine,RES,residential,739183,27.99,117.71331,420.55284
2023-12,ME,Maine,TRA,transportation,0,0,0,0
2023-12,MD,Maryland,ALL,all sectors,2712852,14.96,737.07054,4927.44023
2023-12,MD,Maryland,COM,commercial,261535,12.84,279.87612,2180.03502
2023-12,MD,Maryland,IND,industrial,9256,10.17,28.94694,284.50093
2023-12,MD,Maryland,OTH,other,,,,
2023-12,MD,Maryland,RES,residential,2442056,17.46,424.42906,2430.26293
2023-12,MD,Maryland,TRA,transportation,5,11.7,3.81842,32.64136
2023-12,MA,Massachusetts,ALL,all sectors,3353826,23.1,927.81839,4017.08953
2023-12,MA,Massachusetts,COM,commercial,454710,19.74,378.51343,1917.87744
2023-12,MA,Massachusetts,IND,industrial,10354,17.66,82.7302,468.39194
2023-12,MA,Massachusetts,OTH,other,,,,
2023-12,MA,Massachusetts,RES,residential,2888760,28.94,464.87064,1606.24774
2023-12,MA,Massachusetts,TRA,transportation,2,6.94,1.70412,24.57242
2023-12,MI,Michigan,ALL,all sectors,5071884,13.78,1107.77412,8039.68803
2023-12,MI,Michigan,COM,commercial,561050,13.23,391.09,2955.8464
2023-12,MI,Michigan,IND,industrial,5673,8.29,186.42009,2248.3793
2023-12,MI,Michigan,OTH,other,,,,
2023-12,MI,Michigan,RES,residential,4505159,18.7,530.20302,2835.0164
2023-12,MI,Michigan,TRA,transportation,2,13.68,.06102,.44594
2023-12,MN,Minnesota,ALL,all sectors,2884934,11.46,644.34564,5621.47769
2023-12,MN,Minnesota,COM,commercial,307932,11.39,211.27999,1854.82494
2022-06,PACN,Pacific Noncontiguous,RES,residential,739606,36.61,132.89343,362.98627
2022-06,PACN,Pacific Noncontiguous,TRA,transportation,0,0,0,0
2022-06,US,U.S. Total,ALL,all sectors,160432545,12.75,44271.98187,347106.33234
2022-06,US,U.S. Total,COM,commercial,19313913,12.75,15505.52043,121567.1717
2022-06,US,U.S. Total,IND,industrial,1068161,8.85,7854.35491,88715.71321
2024-01,IN,Indiana,RES,residential,3005342,14,490.21554,3501.96473
2024-01,IN,Indiana,TRA,transportation,1,11.86,.15764,1.32945
2024-01,IA,Iowa,ALL,all sectors,1721795,8.93,442.92216,4958.99005
2024-01,IA,Iowa,COM,commercial,251097,9.69,109.10061,1125.9219
2024-01,IA,Iowa,IND,industrial,8323,6.48,145.24635,2241.74689
2024-01,IA,Iowa,OTH,other,,,,
2024-01,IA,Iowa,RES,residential,1462375,11.85,188.57519,1591.32125
2024-01,IA,Iowa,TRA,transportation,0,0,0,0
2024-01,KS,Kansas,ALL,all sectors,1605142,10.89,397.55148,3652.10743
2024-01,KS,Kansas,COM,commercial,248527,10.5,139.86824,1332.57008
2024-01,KS,Kansas,IND,industrial,23936,8.1,73.59173,908.15969
2024-01,KS,Kansas,OTH,other,,,,
2024-01,KS,Kansas,RES,residential,1332679,13.04,184.09151,1411.37767
2024-01,KS,Kansas,TRA,transportation,0,0,0,0
2024-01,KY,Kentucky,ALL,all sectors,2381767,10.61,731.15379,6893.33102
2024-01,KY,Kentucky,COM,commercial,324553,11.63,196.38329,1688.78778
2024-01,KY,Kentucky,IND,industrial,5931,7.18,156.5293,2181.01329
2024-01,KY,Kentucky,OTH,other,,,,
2024-01,KY,Kentucky,RES,residential,2051283,12.51,378.24119,3023.52996
2024-01,KY,Kentucky,TRA,transportation,0,0,0,0
2024-01,LA,Louisiana,ALL,all sectors,2488041,8.41,675.48942,8033.55211
2024-01,LA,Louisiana,COM,commercial,300363,9.48,174.40708,1840.05679
2024-01,LA,Louisiana,IND,industrial,18148,5.75,191.47356,3331.1467
2024-01,LA,Louisiana,OTH,other,,,,
2024-01,LA,Louisiana,RES,residential,2169529,10.82,309.51655,2861.46841
2024-07,MA,Massachusetts,IND,industrial,10121,18.33,91.19774,497.47938
2024-07,MA,Massachusetts,OTH,other,,,,
2024-07,MA,Massachusetts,RES,residential,2958379,28.76,593.02694,2062.02961
2024-07,MA,Massachusetts,TRA,transportation,2,8.76,2.1142,24.12523
2024-07,MI,Michigan,ALL,all sectors,5103006,14.87,1448.50622,9740.86941
2024-07,MI,Michigan,COM,commercial,564571,14.33,517.95566,3614.81134
2024-07,MI,Michigan,IND,industrial,5680,8.51,210.11482,2469.85023
2024-07,MI,Michigan,OTH,other,,,,
2024-07,MI,Michigan,RES,residential,4532753,19.71,720.37224,3655.76634
2024-07,MI,Michigan,TRA,transportation,2,14.38,.0635,.4415
2024-07,MN,Minnesota,ALL,all sectors,2924644,13.33,811.70378,6088.49792
2024-07,MN,Minnesota,COM,commercial,308959,13.11,271.83335,2072.94089
2024-07,MN,Minnesota,IND,industrial,9541,9.77,172.7597,1768.84017
2024-07,MN,Minnesota,OTH,other,,,,
2024-07,MN,Minnesota,RES,residential,2606143,16.34,366.97486,2245.70576
2024-07,MN,Minnesota,TRA,transportation,1,13.44,.13587,1.0111
2024-07,MS,Mississippi,ALL,all sectors,1633144,10.99,557.34852,5069.3951
2024-07,MS,Mississippi,COM,commercial,245748,11.88,177.93553,1497.51531
2024-07,MS,Mississippi,IND,industrial,11410,6.95,98.42802,1415.89598
2024-07,MS,Mississippi,OTH,other,,,,
2024-07,MS,Mississippi,RES,residential,1375986,13.03,280.98497,2155.98382
2024-07,MS,Mississippi,TRA,transportation,0,0,0,0
2024-07,MO,Missouri,ALL,all sectors,3290292,12.86,1007.96264,7839.50796
2024-07,MO,Missouri,COM,commercial,386398,11.95,337.70409,2826.45612
2024-07,MO,Missouri,IND,industrial,9207,9.02,106.97755,1186.51238
2024-07,MO,Missouri,OTH,other,,,,
2024-07,MO,Missouri,RES,residential,2894685,14.72,562.98942,3824.31019
2024-07,MO,Missouri,TRA,transportation,2,13.08,.29159,2.22927
2024-07,MT,Montana,ALL,all sectors,691811,11.31,153.94656,1361.39563
2024-07,MT,Montana,COM,commercial,118234,12.26,55.43147,452.18204
2024-07,MT,Montana,IND,industrial,14125,8.12,36.11491,444.8332
2024-07,MT,Montana,OTH,other,,,,
2024-07,MT,Montana,RES,residential,559452,13.44,62.40018,464.3804
2024-07,MT,Montana,TRA,transportation,0,0,0,0
2024-07,NE,Nebraska,ALL,all sectors,1143778,9.73,333.79083,3431.80881
2024-07,NE,Nebraska,COM,commercial,164023,9.19,104.79352,1140.86036
2024-07,NE,Nebraska,IND,industrial,66234,7.87,93.38655,1186.98782
2024-07,NE,Nebraska,OTH,other,,,,
2024-07,NE,Nebraska,RES,residential,913521,12.28,135.61075,1103.96063
2024-07,NE,Nebraska,TRA,transportation,0,0,0,0
2024-07,NV,Nevada,ALL,all sectors,1494540,11.59,566.1862,4886.43522
2024-07,NV,Nevada,COM,commercial,177845,9.85,136.10841,1381.98642
2024-07,NV,Nevada,IND,industrial,4958,9.93,123.72917,1245.87419
2024-07,NV,Nevada,OTH,other,,,,
2024-07,NV,Nevada,RES,residential,1311736,13.56,306.25994,2257.74982
2024-07,NV,Nevada,TRA,transportation,1,10.75,.08868,.82478
2024-07,NH,New Hampshire,ALL,all sectors,764733,19.74,225.48837,1142.23868
2024-07,NH,New Hampshire,COM,commercial,108229,18.93,72.632,383.73654
2024-07,NH,New Hampshire,IND,industrial,6240,15.96,32.80875,205.56621
2024-07,NH,New Hampshire,OTH,other,,,,
2024-07,NH,New Hampshire,RES,residential,650264,21.71,120.04761,552.93593
2024-07,NH,New Hampshire,TRA,transportation,0,0,0,0
2024-07,NJ,New Jersey,ALL,all sectors,4278607,18.12,1527.86012,8431.67688
2024-07,NJ,New Jersey,COM,commercial,541189,15.85,566.23162,3572.83393
2024-07,NJ,New Jersey,IND,industrial,11236,13.06,70.54052,540.07287
2024-07,NJ,New Jersey,OTH,other,,,,
2024-07,NJ,New Jersey,RES,residential,3726175,20.72,887.22718,4281.4278
2024-07,NJ,New Jersey,TRA,transportation,7,10.34,3.86081,37.34227
2024-07,NM,New Mexico,ALL,all sectors,1075334,10.43,309.08469,2964.01191
2024-07,NM,New Mexico,COM,commercial,147017,12.17,110.48019,908.03125
2024-07,NM,New Mexico,IND,industrial,9716,5.69,69.08687,1213.57659
2024-07,NM,New Mexico,OTH,other,,,,
2024-07,NM,New Mexico,RES,residential,918601,15.37,129.51763,842.40407
2024-01,LA,Louisiana,TRA,transportation,1,10.48,.09223,.88021
2024-07,AL,Alabama,ALL,all sectors,2802231,12.13,1060.24611,8742.89046
2024-07,AL,Alabama,COM,commercial,387682,13.45,311.52476,2315.67064
2024-07,AL,Alabama,IND,industrial,7250,7.36,205.5112,2790.63639
2024-07,AL,Alabama,OTH,other,,,,
2024-07,AL,Alabama,RES,residential,2407299,14.94,543.21016,3636.58344
2024-07,AL,Alabama,TRA,transportation,0,0,0,0
2024-07,AK,Alaska,ALL,all sectors,359488,22.06,103.61315,469.75863
2024-07,AK,Alaska,COM,commercial,57782,21.15,44.45144,210.17424
2024-07,AK,Alaska,IND,industrial,1217,19.15,21.87263,114.22738
2024-07,AK,Alaska,OTH,other,,,,
2024-07,AK,Alaska,RES,residential,300489,25.65,37.28907,145.35702
2024-07,AK,Alaska,TRA,transportation,0,0,0,0
2024-07,AZ,Arizona,ALL,all sectors,3446008,13.54,1474.74956,10893.37848
2024-07,AZ,Arizona,COM,commercial,344939,13.08,499.48396,3817.69448
2024-07,AZ,Arizona,IND,industrial,7125,9.03,117.19322,1297.95161
2024-07,AZ,Arizona,OTH,other,,,,
2024-07,AZ,Arizona,RES,residential,3093942,14.85,857.94897,5776.73421
2024-07,AZ,Arizona,TRA,transportation,2,12.36,.12342,.99818
2024-07,AR,Arkansas,ALL,all sectors,1737674,9.93,503.01196,5063.64929
2024-07,AR,Arkansas,COM,commercial,210389,10.11,121.68017,1203.93183
2024-07,AR,Arkansas,IND,industrial,41799,6.92,123.09745,1777.74954
2024-07,AR,Arkansas,OTH,other,,,,
2024-07,AR,Arkansas,RES,residential,1485484,12.4,258.23077,2081.94174
2024-07,AR,Arkansas,TRA,transportation,2,13.62,.00357,.02618
2024-07,CA,California,ALL,all sectors,16331144,30.39,7759.3232,25531.44162
2024-07,CA,California,COM,commercial,1800730,30.22,3325.52589,11003.75093
2024-07,CA,California,IND,industrial,152098,26.12,1159.54107,4439.63391
2024-07,CA,California,OTH,other,,,,
2024-07,CA,California,RES,residential,14378303,32.55,3263.61011,10026.11346
2024-07,CA,California,TRA,transportation,13,17.19,10.64613,61.94332
2024-07,CO,Colorado,ALL,all sectors,2911024,13.06,731.39918,5599.25931
2024-07,CO,Colorado,COM,commercial,399258,13,247.94237,1906.89367
2024-07,CO,Colorado,IND,industrial,15037,9.32,132.4911,1421.38697
2024-07,CO,Colorado,OTH,other,,,,
2024-07,CO,Colorado,RES,residential,2496728,15.47,350.28027,2263.83999
2024-07,CO,Colorado,TRA,transportation,1,9.6,.68544,7.13868
2024-07,CT,Connecticut,ALL,all sectors,1711863,23.84,699.67967,2934.86614
2024-07,CT,Connecticut,COM,commercial,157414,19.96,235.35443,1179.08027
2024-07,CT,Connecticut,IND,industrial,3837,17.26,40.00493,231.75552
2024-07,CT,Connecticut,OTH,other,,,,
2024-07,CT,Connecticut,RES,residential,1550609,27.97,421.46339,1506.71934
2024-07,CT,Connecticut,TRA,transportation,3,16.5,2.85692,17.31101
2024-07,DE,Delaware,ALL,all sectors,531487,13.28,158.49718,1193.83505
2024-07,DE,Delaware,COM,commercial,60444,12.13,51.10303,421.34283
2024-07,DE,Delaware,IND,industrial,741,8.52,15.03803,176.44243
2024-07,DE,Delaware,OTH,other,,,,
2024-07,DE,Delaware,RES,residential,470302,15.49,92.35612,596.04979
2024-07,DE,Delaware,TRA,transportation,0,0,0,0
2024-07,DC,District of Columbia,ALL,all sectors,346419,16.79,175.965,1048.20565
2024-07,DC,District of Columbia,COM,commercial,27576,17.1,120.82285,706.45908
2024-07,DC,District of Columbia,IND,industrial,1,11.47,1.7871,15.58414
2024-07,DC,District of Columbia,OTH,other,,,,
2024-07,DC,District of Columbia,RES,residential,318839,17.07,50.57189,296.26059
2024-07,DC,District of Columbia,TRA,transportation,3,9.31,2.78316,29.90183
2024-07,FL,Florida,ALL,all sectors,11733027,12.24,3244.71826,26515.26178
2024-07,FL,Florida,COM,commercial,1297806,10.5,1029.77505,9810.16754
2024-07,FL,Florida,IND,industrial,27293,8.42,128.60143,1526.69579
2024-07,FL,Florida,OTH,other,,,,
2024-07,FL,Florida,RES,residential,10407926,13.75,2085.68519,15171.88304
2024-07,FL,Florida,TRA,transportation,2,10.08,.6566,6.51542
2024-07,GA,Georgia,ALL,all sectors,5469127,13,1935.52087,14893.95955
2024-07,GA,Georgia,COM,commercial,617250,12.36,609.95396,4936.63309
2024-07,GA,Georgia,IND,industrial,24553,8.86,262.19994,2960.42185
2024-07,GA,Georgia,OTH,other,,,,
2024-07,GA,Georgia,RES,residential,4827323,15.21,1061.74912,6982.84069
2024-07,GA,Georgia,TRA,transportation,1,11.5,1.61784,14.06392
2024-07,HI,Hawaii,ALL,all sectors,506656,37.4,289.47647,773.94163
2024-07,HI,Hawaii,COM,commercial,59519,37.81,91.4876,241.98356
2024-07,HI,Hawaii,IND,industrial,816,33.11,100.46056,303.40896
2024-07,HI,Hawaii,OTH,other,,,,
2024-07,HI,Hawaii,RES,residential,446321,42.67,97.52831,228.54911
2024-07,HI,Hawaii,TRA,transportation,0,0,0,0
2024-07,ID,Idaho,ALL,all sectors,1017814,9.96,291.08865,2923.90867
2024-07,ID,Idaho,COM,commercial,123494,9.72,63.70169,655.60112
2024-07,ID,Idaho,IND,industrial,29818,8.44,111.54656,1321.61689
2024-07,ID,Idaho,OTH,other,,,,
2024-07,ID,Idaho,RES,residential,864502,12.24,115.84039,946.69066
2024-07,ID,Idaho,TRA,transportation,0,0,0,0
2024-07,IL,Illinois,ALL,all sectors,6008717,12.61,1648.63172,13071.70942
2024-07,IL,Illinois,COM,commercial,633161,12.14,529.52576,4361.13821
2024-07,IL,Illinois,IND,industrial,5464,9.39,335.95933,3579.16096
2024-07,IL,Illinois,OTH,other,,,,
2024-07,IL,Illinois,RES,residential,5370089,15.31,780.1926,5094.94349
2024-07,IL,Illinois,TRA,transportation,3,8.1,2.95403,36.46676
2024-07,IN,Indiana,ALL,all sectors,3399612,11.63,1092.31649,9390.10456
2024-07,IN,Indiana,COM,commercial,377027,12.48,272.37575,2181.7284
2024-07,IN,Indiana,IND,industrial,18586,8.2,306.7969,3740.16061
2024-07,IN,Indiana,OTH,other,,,,
2024-07,IN,Indiana,RES,residential,3003998,14.8,512.94906,3466.54285
2024-07,IN,Indiana,TRA,transportation,1,11.64,.19478,1.6727
2024-07,IA,Iowa,ALL,all sectors,1727825,11.02,543.90746,4933.56703
2024-07,IA,Iowa,COM,commercial,251507,11.64,132.44474,1138.17865
2024-07,IA,Iowa,IND,industrial,8637,8.27,193.00632,2332.69061
2024-07,IA,Iowa,OTH,other,,,,
2024-07,IA,Iowa,RES,residential,1467681,14.94,218.45639,1462.69777
2024-07,IA,Iowa,TRA,transportation,0,0,0,0
2024-07,KS,Kansas,ALL,all sectors,1621849,12.44,533.10965,4285.79454
2024-07,KS,Kansas,COM,commercial,249974,12.49,199.32995,1595.58306
2024-07,KS,Kansas,IND,industrial,24929,8.35,86.95101,1040.8549
2024-07,KS,Kansas,OTH,other,,,,
2024-07,KS,Kansas,RES,residential,1346946,14.97,246.8287,1649.35657
2024-07,KS,Kansas,TRA,transportation,0,0,0,0
2024-07,KY,Kentucky,ALL,all sectors,2373392,10.29,727.13635,7067.5639
2024-07,KY,Kentucky,COM,commercial,326592,11.33,214.41528,1891.90478
2024-07,KY,Kentucky,IND,industrial,5331,6.69,153.56316,2295.46204
2024-07,KY,Kentucky,OTH,other,,,,
2024-07,KY,Kentucky,RES,residential,2041469,12.47,359.15792,2880.19708
2024-07,KY,Kentucky,TRA,transportation,0,0,0,0
2024-07,LA,Louisiana,ALL,all sectors,2506300,8.88,862.37948,9716.39849
2024-07,LA,Louisiana,COM,commercial,303492,9.96,237.81097,2388.15082
2024-07,LA,Louisiana,IND,industrial,18458,5.62,208.40803,3708.70424
2024-07,LA,Louisiana,OTH,other,,,,
2024-07,LA,Louisiana,RES,residential,2184349,11.5,416.05535,3618.60869
2024-07,LA,Louisiana,TRA,transportation,1,11.25,.10513,.93474
2024-07,ME,Maine,ALL,all sectors,869032,18.59,184.85583,994.49255
2024-07,ME,Maine,COM,commercial,113218,16.88,65.02863,385.23428
2024-07,ME,Maine,IND,industrial,1872,13.39,25.95852,193.9025
2024-07,ME,Maine,OTH,other,,,,
2024-07,ME,Maine,RES,residential,753942,22.6,93.86868,415.35578
2024-07,ME,Maine,TRA,transportation,0,0,0,0
2024-07,MD,Maryland,ALL,all sectors,2719851,14.98,933.871,6233.48722
2024-07,MD,Maryland,COM,commercial,261689,12.95,358.18198,2766.57044
2024-07,MD,Maryland,IND,industrial,9067,11.06,36.58502,330.65782
2024-07,MD,Maryland,OTH,other,,,,
2024-07,MD,Maryland,RES,residential,2449090,17.25,535.30922,3102.87381
2024-07,MD,Maryland,TRA,transportation,5,11.37,3.79478,33.38515
2024-07,MA,Massachusetts,ALL,all sectors,3409533,24.11,1111.4762,4610.67397
2024-07,MA,Massachusetts,COM,commercial,441031,20.97,425.13732,2027.03975
2022-09,NE,Nebraska,IND,industrial,66779,7.52,87.56207,1164.17919
2022-09,NE,Nebraska,OTH,other,,,,
2022-09,NE,Nebraska,RES,residential,880941,12.02,102.33673,851.36451
2022-09,NE,Nebraska,TRA,transportation,0,0,0,0
2022-09,NV,Nevada,ALL,all sectors,1450307,12.79,484.03717,3783.71254
2022-09,NV,Nevada,COM,commercial,173842,12.96,147.3444,1136.79767
2022-09,NV,Nevada,IND,industrial,3537,11.28,126.2159,1118.51381
2022-09,NV,Nevada,OTH,other,,,,
2022-09,NV,Nevada,RES,residential,1272927,13.77,210.40723,1527.72291
2022-09,NV,Nevada,TRA,transportation,1,10.27,.06965,.67815
2022-09,NH,New Hampshire,ALL,all sectors,758524,24.62,214.26176,870.11979
2022-09,NH,New Hampshire,COM,commercial,111273,21.08,72.49506,343.94197
2022-09,NH,New Hampshire,IND,industrial,3164,15.33,25.36188,165.39602
2022-09,NH,New Hampshire,OTH,other,,,,
2022-09,NH,New Hampshire,RES,residential,644087,32.26,116.40482,360.78181
2022-09,NH,New Hampshire,TRA,transportation,0,0,0,0
2022-09,NJ,New Jersey,ALL,all sectors,4228304,15.01,908.75246,6056.14263
2022-09,NJ,New Jersey,COM,commercial,532782,14.12,437.34151,3097.15022
2022-09,NJ,New Jersey,IND,industrial,11346,12.98,67.63824,521.23686
2022-09,NJ,New Jersey,OTH,other,,,,
2022-09,NJ,New Jersey,RES,residential,3684170,16.59,400.99737,2417.13795
2022-09,NY,New York,OTH,other,,,,
2022-09,NY,New York,RES,residential,7336278,23.95,1166.84,4871.89367
2022-09,NY,New York,TRA,transportation,8,14.51,31.77779,218.95504
2022-09,NC,North Carolina,ALL,all sectors,5630348,10.3,1152.62915,11186.51728
2022-09,NC,North Carolina,COM,commercial,741971,9.19,385.40081,4195.13853
2022-09,NC,North Carolina,IND,industrial,9245,7.29,158.2823,2172.29267
2022-09,NC,North Carolina,OTH,other,,,,
2022-09,NC,North Carolina,RES,residential,4879131,12.64,608.84454,4817.81107
2022-09,NC,North Carolina,TRA,transportation,1,7.96,.1015,1.27501
2022-09,ND,North Dakota,ALL,all sectors,479287,8.72,174.267,1999.23365
2022-09,ND,North Dakota,COM,commercial,76963,8.84,59.36071,671.55123
2022-09,ND,North Dakota,IND,industrial,9206,7.31,74.35175,1017.10552
2022-09,ND,North Dakota,OTH,other,,,,
2022-09,ND,North Dakota,RES,residential,393118,13.06,40.55454,310.5769
2022-09,ND,North Dakota,TRA,transportation,0,0,0,0
2022-09,OH,Ohio,ALL,all sectors,5720060,11.08,1343.2867,12120.37807
2022-09,OH,Ohio,COM,commercial,626958,10.69,419.4004,3925.07015
2022-09,OH,Ohio,IND,industrial,19301,7.79,327.11575,4200.37759
2022-09,OH,Ohio,OTH,other,,,,
2022-09,OH,Ohio,RES,residential,5073798,14.94,596.47536,3992.805
2022-09,OH,Ohio,TRA,transportation,3,13.89,.29519,2.12533
2022-09,OK,Oklahoma,ALL,all sectors,2166227,11.33,685.18088,6048.11633
2022-09,OK,Oklahoma,COM,commercial,301474,11.58,235.96151,2037.34213
2022-09,OK,Oklahoma,IND,industrial,20124,7.59,138.05638,1819.08316
2022-09,OK,Oklahoma,OTH,other,,,,
2022-09,OK,Oklahoma,RES,residential,1844629,14.2,311.16298,2191.69105
2022-09,OK,Oklahoma,TRA,transportation,0,0,0,0
2022-09,OR,Oregon,ALL,all sectors,2101949,9.4,403.43688,4293.74325
2022-09,OR,Oregon,COM,commercial,244851,9.33,128.62939,1378.59088
2022-09,OR,Oregon,IND,industrial,26951,7.41,116.11699,1568.09511
2022-09,OR,Oregon,OTH,other,,,,
2022-09,OR,Oregon,RES,residential,1830145,11.78,158.48671,1345.16416
2022-09,OR,Oregon,TRA,transportation,2,10.77,.2038,1.89311
2022-09,PA,Pennsylvania,ALL,all sectors,6253923,12.55,1497.94235,11935.21276
2022-09,PA,Pennsylvania,COM,commercial,731384,11.63,358.71412,3083.86132
2024-04,NEW,New England,IND,industrial,20996,15.91,177.73066,1117.29294
2024-04,NEW,New England,OTH,other,,,,
2024-04,NEW,New England,RES,residential,6612006,27.29,956.91119,3506.85155
2024-04,NEW,New England,TRA,transportation,6,12.19,4.91238,40.29482
2024-04,MAT,Middle Atlantic,ALL,all sectors,19173649,15.23,3970.82589,26070.21816
2024-04,MAT,Middle Atlantic,COM,commercial,2438773,15.13,1625.24997,10744.33883
2024-04,MAT,Middle Atlantic,IND,industrial,42698,7.92,471.14918,5949.31825
2024-04,MAT,Middle Atlantic,OTH,other,,,,
2024-04,MAT,Middle Atlantic,RES,residential,16692158,20.18,1837.26449,9104.67391
2024-04,MAT,Middle Atlantic,TRA,transportation,20,13.67,37.16226,271.88717
2024-04,ENC,East North Central,ALL,all sectors,23564176,12.05,4915.76018,40792.96682
2024-04,ENC,East North Central,COM,commercial,2573881,12.2,1643.47938,13466.32693
2024-04,ENC,East North Central,IND,industrial,54124,7.89,1184.2379,15005.88098
2024-04,ENC,East North Central,OTH,other,,,,
2024-04,ENC,East North Central,RES,residential,20936161,17,2083.4855,12257.66271
2024-04,ENC,East North Central,TRA,transportation,10,7.22,4.5574,63.09621
2024-04,WNC,West North Central,ALL,all sectors,11670044,10.09,2355.0517,23337.85548
2024-04,WNC,West North Central,COM,commercial,1511585,10.05,799.69299,7958.44124
2024-04,WNC,West North Central,IND,industrial,131411,7.36,606.02154,8239.25446
2024-04,WNC,West North Central,OTH,other,,,,
2024-04,WNC,West North Central,RES,residential,10027045,13.3,949.02022,7137.15267
2024-04,WNC,West North Central,TRA,transportation,3,10.54,.31696,3.00711
2024-04,SAT,South Atlantic,ALL,all sectors,34649655,11.9,7397.91542,62153.53039
2024-04,SAT,South Atlantic,COM,commercial,4017402,10.98,2873.17789,26165.27007
2024-04,SAT,South Atlantic,IND,industrial,88058,7.4,843.75265,11397.9014
2024-04,SAT,South Atlantic,OTH,other,,,,
2024-04,SAT,South Atlantic,RES,residential,30544182,14.98,3673.07999,24513.13648
2024-04,SAT,South Atlantic,TRA,transportation,13,10.24,7.9049,77.22245
2024-04,ESC,East South Central,ALL,all sectors,10390676,10.97,2428.93017,22147.84639
2024-04,ESC,East South Central,COM,commercial,1481978,12.51,854.90448,6832.1019
2024-04,ESC,East South Central,IND,industrial,24457,6.78,527.56696,7780.69158
2024-04,ESC,East South Central,OTH,other,,,,
2024-04,ESC,East South Central,RES,residential,8884241,13.89,1046.45874,7535.05292
2024-04,ESC,East South Central,TRA,transportation,0,0,0,0
2024-04,WSC,West South Central,ALL,all sectors,20641077,9.24,4492.59885,48620.23251
2024-04,WSC,West South Central,COM,commercial,2385126,8.94,1427.71094,15963.92833
2024-04,WSC,West South Central,IND,industrial,433420,5.83,1095.97787,18802.51509
2024-04,WSC,West South Central,OTH,other,,,,
2024-04,WSC,West South Central,RES,residential,17822525,14.21,1968.7966,13852.41339
2024-04,WSC,West South Central,TRA,transportation,6,8.25,.11345,1.3757
2024-04,MTN,Mountain,ALL,all sectors,12318115,10.78,2368.12773,21962.44609
2024-04,MTN,Mountain,COM,commercial,1507393,10.84,879.67038,8112.93298
2024-04,MTN,Mountain,IND,industrial,99702,7.27,499.94528,6877.58279
2024-04,MTN,Mountain,OTH,other,,,,
2024-04,MTN,Mountain,RES,residential,10711015,14.19,987.0861,6958.64504
2024-04,MTN,Mountain,TRA,transportation,5,10.73,1.42598,13.28529
2024-04,PACC,Pacific Contiguous,ALL,all sectors,21921119,19.75,5680.91736,28769.78954
2024-04,PACC,Pacific Contiguous,COM,commercial,2430463,19.3,2408.11299,12477.64516
2024-04,PACC,Pacific Contiguous,IND,industrial,199863,13.22,835.95838,6323.01344
2024-04,PACC,Pacific Contiguous,OTH,other,,,,
2024-04,PACC,Pacific Contiguous,RES,residential,19290774,24.5,2426.3807,9901.59534
2024-04,PACC,Pacific Contiguous,TRA,transportation,19,15.5,10.46529,67.53561
2024-04,PACN,Pacific Noncontiguous,ALL,all sectors,864929,32.65,382.64608,1172.13079
2024-04,PACN,Pacific Noncontiguous,COM,commercial,117261,31.3,133.22418,425.68083
2024-04,PACN,Pacific Noncontiguous,IND,industrial,2018,31.08,120.41463,387.48793
2024-04,PACN,Pacific Noncontiguous,OTH,other,,,,
2024-04,PACN,Pacific Noncontiguous,RES,residential,745650,35.94,129.00727,358.96203
2024-04,PACN,Pacific Noncontiguous,TRA,transportation,0,0,0,0
2024-04,US,U.S. Total,ALL,all sectors,162779638,12.65,35865.9319,283432.48897
2024-04,US,U.S. Total,COM,commercial,19417052,12.63,13378.82747,105887.69974
2024-04,US,U.S. Total,IND,industrial,1096747,7.77,6362.75504,81880.93885
2024-04,US,U.S. Total,OTH,other,,,,
2024-04,US,U.S. Total,RES,residential,142265757,16.88,16057.49078,95126.14604
2024-04,US,U.S. Total,TRA,transportation,82,12.43,66.85861,537.70435
2024-04,OK,Oklahoma,COM,commercial,304931,8.15,144.12954,1769.22535
2024-04,OK,Oklahoma,IND,industrial,18531,5.31,98.23482,1849.07816
2024-04,OK,Oklahoma,OTH,other,,,,
2024-04,OK,Oklahoma,RES,residential,1889113,12.46,171.64751,1378.12656
2024-04,OK,Oklahoma,TRA,transportation,0,0,0,0
2024-04,OR,Oregon,ALL,all sectors,2147029,11.22,464.72666,4142.4384
2024-04,OR,Oregon,COM,commercial,251362,11.61,157.54352,1357.3824
2024-04,OR,Oregon,IND,industrial,25641,7.16,95.59173,1335.67571
2024-04,OR,Oregon,OTH,other,,,,
2024-04,OR,Oregon,RES,residential,1870024,14.6,211.367,1447.60226
2024-04,OR,Oregon,TRA,transportation,2,12.62,.22441,1.77804
2024-04,PA,Pennsylvania,ALL,all sectors,6306297,12.31,1318.42334,10713.28816
2024-04,PA,Pennsylvania,COM,commercial,736412,11.28,311.54469,2762.67126
2024-04,PA,Pennsylvania,IND,industrial,14801,7.6,317.28021,4173.91252
2023-03,PACC,Pacific Contiguous,IND,industrial,206963,12.2,757.58913,6209.99986
2023-03,PACC,Pacific Contiguous,OTH,other,,,,
2023-03,PACC,Pacific Contiguous,RES,residential,19696684,21.13,2683.8432,12703.94522
2023-03,PACC,Pacific Contiguous,TRA,transportation,19,11.63,8.44964,72.62618
2023-03,PACN,Pacific Noncontiguous,ALL,all sectors,860543,32.43,408.8351,1260.61709
2023-03,PACN,Pacific Noncontiguous,COM,commercial,116938,30.92,140.4775,454.33796
2023-03,PACN,Pacific Noncontiguous,IND,industrial,1946,32.27,127.12125,393.90116
2023-03,PACN,Pacific Noncontiguous,OTH,other,,,,
2023-03,PACN,Pacific Noncontiguous,RES,residential,741659,34.25,141.23636,412.37796
2023-03,PACN,Pacific Noncontiguous,TRA,transportation,0,0,0,0
2023-03,US,U.S. Total,ALL,all sectors,161937082,12.46,38170.74212,306453.94244
2023-03,US,U.S. Total,COM,commercial,19426825,12.36,13923.36599,112642.96368
2023-03,US,U.S. Total,IND,industrial,1061218,7.8,6460.45854,82817.07913
2023-03,US,U.S. Total,OTH,other,,,,
2023-03,US,U.S. Total,RES,residential,141448955,16.04,17716.08355,110416.92317
2023-03,US,U.S. Total,TRA,transportation,84,12.28,70.83403,576.97647
2023-12,AL,Alabama,ALL,all sectors,2744174,11.19,775.01833,6928.03815
2023-12,AL,Alabama,COM,commercial,382859,13.27,221.74361,1671.19884
2023-12,AL,Alabama,IND,industrial,7209,6.8,176.39835,2594.83092
2023-12,AL,Alabama,OTH,other,,,,
2023-12,AL,Alabama,RES,residential,2354106,14.16,376.87637,2662.00839
2023-12,AL,Alabama,TRA,transportation,0,0,0,0
2023-12,AK,Alaska,ALL,all sectors,355023,22.17,125.94351,567.99891
2023-12,AK,Alaska,COM,commercial,56920,21.16,50.35598,237.96068
2023-12,AK,Alaska,IND,industrial,1175,20.55,24.34964,118.49458
2023-12,AK,Alaska,OTH,other,,,,
2023-12,AK,Alaska,RES,residential,296928,24.22,51.23789,211.54365
2023-12,AK,Alaska,TRA,transportation,0,0,0,0
2023-12,AZ,Arizona,ALL,all sectors,3455506,12,718.08824,5983.00675
2023-12,AZ,Arizona,COM,commercial,345806,11.59,278.20593,2400.82208
2023-12,AZ,Arizona,IND,industrial,7500,7.86,91.63267,1166.2807
2023-12,AZ,Arizona,OTH,other,,,,
2023-12,AZ,Arizona,RES,residential,3102198,14.42,348.17475,2415.12641
2023-12,AZ,Arizona,TRA,transportation,2,9.63,.0749,.77756
2023-12,AR,Arkansas,ALL,all sectors,1708212,9.17,355.68481,3877.48703
2023-12,AR,Arkansas,COM,commercial,205809,10.1,87.2214,863.96261
2023-12,AR,Arkansas,IND,industrial,35614,6.33,96.52474,1524.11124
2023-12,AR,Arkansas,OTH,other,,,,
2023-12,AR,Arkansas,RES,residential,1466787,11.54,171.93562,1489.3931
2023-12,AR,Arkansas,TRA,transportation,2,15.18,.00305,.02008
2023-12,CA,California,ALL,all sectors,16067631,24.09,4494.91506,18660.12634
2023-12,CA,California,COM,commercial,1769051,22.66,1999.61432,8823.95653
2023-12,CA,California,IND,industrial,146640,17.99,582.45146,3238.52613
2023-12,CA,California,OTH,other,,,,
2023-12,CA,California,RES,residential,14151928,29.12,1906.13599,6546.37466
2023-12,CA,California,TRA,transportation,12,13.09,6.71329,51.26901
2023-12,CO,Colorado,ALL,all sectors,2948669,11.41,537.47428,4709.74919
2023-12,CO,Colorado,COM,commercial,398964,10.95,191.17688,1745.29404
2023-12,CO,Colorado,IND,industrial,15271,8.17,100.55349,1230.28108
2023-12,CO,Colorado,OTH,other,,,,
2023-12,CO,Colorado,RES,residential,2534432,14.18,244.76267,1726.25364
2023-12,CO,Colorado,TRA,transportation,2,12.39,.98124,7.92043
2023-12,CT,Connecticut,ALL,all sectors,1705948,23.04,527.17175,2288.4249
2023-12,CT,Connecticut,COM,commercial,156826,19.64,181.17802,922.65532
2023-12,CT,Connecticut,IND,industrial,3874,16.28,30.61491,188.02759
2023-12,CT,Connecticut,OTH,other,,,,
2023-12,CT,Connecticut,RES,residential,1545245,26.89,311.90239,1159.97818
2023-12,CT,Connecticut,TRA,transportation,3,19.57,3.47643,17.76381
2023-12,DE,Delaware,ALL,all sectors,532194,13.43,122.13794,909.51453
2023-12,DE,Delaware,COM,commercial,60075,12.39,40.9273,330.43952
2023-12,DE,Delaware,IND,industrial,878,7.52,11.27975,149.97939
2023-12,DE,Delaware,OTH,other,,,,
2023-12,DE,Delaware,RES,residential,471241,16.3,69.93089,429.09562
2023-12,DE,Delaware,TRA,transportation,0,0,0,0
2023-12,DC,District of Columbia,ALL,all sectors,342966,17.32,133.74286,772.04747
2023-12,DC,District of Columbia,COM,commercial,27456,17.6,96.42485,547.83772
2023-12,DC,District of Columbia,IND,industrial,1,10.93,1.73406,15.86543
2023-12,DC,District of Columbia,OTH,other,,,,
2023-12,DC,District of Columbia,RES,residential,315506,17.82,33.3355,187.07923
2023-12,DC,District of Columbia,TRA,transportation,3,10.57,2.24845,21.26509
2023-12,FL,Florida,ALL,all sectors,11620409,13.41,2383.69051,17769.96915
2023-12,FL,Florida,COM,commercial,1294689,12.03,866.16156,7198.93492
2023-12,FL,Florida,IND,industrial,26428,9.08,132.42599,1458.00899
2023-12,FL,Florida,OTH,other,,,,
2023-12,FL,Florida,RES,residential,10299290,15.2,1384.47308,9107.45719
2023-12,FL,Florida,TRA,transportation,2,11.31,.62989,5.56806
2023-12,GA,Georgia,ALL,all sectors,5375003,10.58,1218.58112,11522.43546
2023-12,GA,Georgia,COM,commercial,611097,10.67,428.33964,4015.74439
2023-12,GA,Georgia,IND,industrial,24007,6.23,157.35071,2524.64591
2023-12,GA,Georgia,OTH,other,,,,
2023-12,GA,Georgia,RES,residential,4739898,12.72,632.07424,4968.88132
2023-12,GA,Georgia,TRA,transportation,1,6.2,.81653,13.16384
2023-12,HI,Hawaii,ALL,all sectors,506841,38.47,289.07946,751.53693
2023-12,HI,Hawaii,COM,commercial,59890,39,88.21022,226.20233
2023-12,HI,Hawaii,IND,industrial,815,35.4,100.86156,284.91185
2023-12,HI,Hawaii,OTH,other,,,,
2023-12,HI,Hawaii,RES,residential,446136,41.6,100.00768,240.42274
2023-12,HI,Hawaii,TRA,transportation,0,0,0,0
2023-12,ID,Idaho,ALL,all sectors,1007997,9.46,202.62471,2142.72762
2023-12,ID,Idaho,COM,commercial,122544,8.88,53.05277,597.36956
2023-12,ID,Idaho,IND,industrial,29352,6.21,33.36188,537.15437
2023-12,ID,Idaho,OTH,other,,,,
2023-12,ID,Idaho,RES,residential,856101,11.53,116.21006,1008.20369
2023-12,ID,Idaho,TRA,transportation,0,0,0,0
2023-12,IL,Illinois,ALL,all sectors,6051742,11.25,1212.55802,10777.00125
2023-12,IL,Illinois,COM,commercial,627024,10.72,397.61419,3710.77295
2023-12,IL,Illinois,IND,industrial,5507,8.1,277.7249,3428.78068
2023-12,IL,Illinois,OTH,other,,,,
2023-12,IL,Illinois,RES,residential,5419207,14.84,534.82634,3604.64755
2023-12,IL,Illinois,TRA,transportation,4,7.29,2.39258,32.80007
2023-12,IN,Indiana,ALL,all sectors,3429753,11.28,880.98067,7807.9852
2023-12,IN,Indiana,COM,commercial,373033,12.53,223.24895,1782.1701
2023-12,IN,Indiana,IND,industrial,19381,7.87,259.08809,3291.55086
2023-12,IN,Indiana,OTH,other,,,,
2023-12,IN,Indiana,RES,residential,3037338,14.58,398.52575,2733.2446
2023-12,IN,Indiana,TRA,transportation,1,11.56,.11788,1.01964
2023-12,IA,Iowa,ALL,all sectors,1704965,8.42,392.9503,4665.84714
2023-12,IA,Iowa,COM,commercial,251524,9.19,98.2756,1069.04986
2023-12,IA,Iowa,IND,industrial,9701,5.97,134.89307,2260.17982
2023-12,IA,Iowa,OTH,other,,,,
2023-12,IA,Iowa,RES,residential,1443740,11.95,159.78164,1336.61746
2023-12,IA,Iowa,TRA,transportation,0,0,0,0
2023-12,KS,Kansas,ALL,all sectors,1583636,10.16,318.02352,3128.84983
2023-12,KS,Kansas,COM,commercial,245795,10.27,121.75667,1185.52299
2023-12,KS,Kansas,IND,industrial,23793,7.14,65.11403,912.24452
2023-12,KS,Kansas,OTH,other,,,,
2023-12,KS,Kansas,RES,residential,1314048,12.72,131.15282,1031.08232
2023-12,KS,Kansas,TRA,transportation,0,0,0,0
2023-12,KY,Kentucky,ALL,all sectors,2398817,9.88,587.32381,5942.18343
2023-12,KY,Kentucky,COM,commercial,325141,11.53,172.71794,1498.35542
2023-12,KY,Kentucky,IND,industrial,5103,6.36,142.39301,2238.69395
2023-12,KY,Kentucky,OTH,other,,,,
2023-12,KY,Kentucky,RES,residential,2068573,12.34,272.21286,2205.13406
2009-10,NM,New Mexico,ALL,all sectors,989597,8.06,140.21476,1740.16877
2009-10,NM,New Mexico,COM,commercial,135630,8.37,61.70365,737.61916
2009-10,NM,New Mexico,IND,industrial,6917,5.75,31.55941,549.17204
2009-10,NM,New Mexico,OTH,other,,,,
2009-10,NM,New Mexico,RES,residential,847050,10.36,46.9517,453.37758
2009-10,NM,New Mexico,TRA,transportation,0,0,0,0
2009-10,NY,New York,ALL,all sectors,7970230,15.77,1725.33287,10938.84467
2009-10,NY,New York,COM,commercial,1037228,15.84,940.95001,5942.17477
2009-10,NY,New York,IND,industrial,8540,8.46,97.06128,1147.33119
2009-10,NY,New York,OTH,other,,,,
2009-10,NY,New York,RES,residential,6924438,18.17,658.27749,3623.61264
2009-10,NY,New York,TRA,transportation,24,12.87,29.0441,225.72608
2009-10,NC,North Carolina,ALL,all sectors,4841620,8.68,831.18915,9581.00283
2009-10,NC,North Carolina,COM,commercial,646144,8.18,312.47658,3818.87797
2009-10,NC,North Carolina,IND,industrial,11338,6.18,130.49996,2112.4257
2009-10,NC,North Carolina,OTH,other,,,,
2009-10,NC,North Carolina,RES,residential,4184137,10.64,388.17091,3649.11635
2009-10,NC,North Carolina,TRA,transportation,1,7.16,.0417,.5828
2009-10,ND,North Dakota,ALL,all sectors,384141,6.66,67.13892,1007.42951
2009-10,ND,North Dakota,COM,commercial,57412,6.86,25.33197,369.41161
2009-10,ND,North Dakota,IND,industrial,2510,5.24,16.58244,316.72952
2009-10,ND,North Dakota,OTH,other,,,,
2009-10,ND,North Dakota,RES,residential,324219,7.85,25.22452,321.28838
2009-10,ND,North Dakota,TRA,transportation,0,0,0,0
2009-10,OH,Ohio,ALL,all sectors,5504441,8.78,1021.37848,11632.24583
2009-10,OH,Ohio,COM,commercial,613214,9.67,358.91739,3710.36903
2009-10,OH,Ohio,IND,industrial,21009,6.39,281.5286,4404.95705
2009-10,OH,Ohio,OTH,other,,,,
2009-10,OH,Ohio,RES,residential,4870216,10.83,380.72383,3514.87319
2009-10,OH,Ohio,TRA,transportation,2,10.2,.20866,2.04656
2009-10,OK,Oklahoma,ALL,all sectors,1930859,7.1,285.16288,4017.31056
2009-10,OK,Oklahoma,COM,commercial,265642,6.63,99.77374,1505.39819
2009-10,OK,Oklahoma,IND,industrial,17737,4.43,52.51551,1185.01364
2009-10,OK,Oklahoma,OTH,other,,,,
2009-10,OK,Oklahoma,RES,residential,1647480,10.01,132.87364,1326.89874
2009-10,OK,Oklahoma,TRA,transportation,0,0,0,0
2009-10,OR,Oregon,ALL,all sectors,1885893,7.54,277.64373,3683.60355
2009-10,OR,Oregon,COM,commercial,236670,7.67,99.61471,1299.12589
2009-10,OR,Oregon,IND,industrial,22703,5.57,55.96498,1004.07487
2009-10,OR,Oregon,OTH,other,,,,
2009-10,OR,Oregon,RES,residential,1626462,8.85,121.92246,1378.36804
2009-10,OR,Oregon,TRA,transportation,58,6.96,.14159,2.03476
2009-10,PA,Pennsylvania,ALL,all sectors,5943287,9.52,1057.37035,11104.81465
2009-10,PA,Pennsylvania,COM,commercial,680120,9.51,350.46106,3686.53436
2009-10,PA,Pennsylvania,IND,industrial,27396,7.24,268.5235,3708.07951
2009-10,PA,Pennsylvania,OTH,other,,,,
2009-10,PA,Pennsylvania,RES,residential,5235757,11.89,432.76633,3638.69304
2009-10,PA,Pennsylvania,TRA,transportation,14,7.86,5.61947,71.50775
2009-10,RI,Rhode Island,ALL,all sectors,487659,14.12,84.93955,601.48379
2009-10,RI,Rhode Island,COM,commercial,56279,13.76,41.2451,299.75806
2009-10,RI,Rhode Island,IND,industrial,2011,12.55,9.48963,75.6112
2009-10,RI,Rhode Island,OTH,other,,,,
2009-10,RI,Rhode Island,RES,residential,429369,15.13,34.20483,226.11453
2009-10,RI,Rhode Island,TRA,transportation,0,0,0,0
2009-10,SC,South Carolina,ALL,all sectors,2436131,8.4,490.49153,5841.64144
2009-10,SC,South Carolina,COM,commercial,343180,8.85,151.82504,1716.44144
2009-10,SC,South Carolina,IND,industrial,4438,5.76,125.40758,2177.06137
2009-10,SC,South Carolina,OTH,other,,,,
2009-10,SC,South Carolina,RES,residential,2088513,10.95,213.25891,1948.13863
2009-10,SC,South Carolina,TRA,transportation,0,0,0,0
2009-10,SD,South Dakota,ALL,all sectors,439849,7.5,63.08124,840.6725
2009-10,SD,South Dakota,COM,commercial,66778,7.18,24.53512,341.6542
2009-10,SD,South Dakota,IND,industrial,2835,5.64,10.71666,190.00674
2009-10,SD,South Dakota,OTH,other,,,,
2009-10,SD,South Dakota,RES,residential,370236,9.01,27.82946,309.01156
2009-10,SD,South Dakota,TRA,transportation,0,0,0,0
2009-10,TN,Tennessee,ALL,all sectors,3154504,8.36,612.72268,7330.33875
2009-10,TN,Tennessee,COM,commercial,458670,9.32,212.57304,2281.63882
2009-10,TN,Tennessee,IND,industrial,2023,6.4,149.96478,2344.49324
2009-10,TN,Tennessee,OTH,other,,,,
2009-10,TN,Tennessee,RES,residential,2693810,9.25,250.16985,2704.05968
2009-10,TN,Tennessee,TRA,transportation,1,10.21,.01501,.147
2009-10,TX,Texas,ALL,all sectors,11107112,9.39,2617.82473,27872.07234
2009-10,TX,Texas,COM,commercial,1480171,9.49,981.57534,10347.46331
2009-10,TX,Texas,IND,industrial,126603,6.32,516.48741,8170.1932
2009-10,TX,Texas,OTH,other,,,,
2009-10,TX,Texas,RES,residential,9500336,11.97,1119.17935,9348.50812
2009-10,TX,Texas,TRA,transportation,2,9.86,.58262,5.90771
2009-10,UT,Utah,ALL,all sectors,1061848,6.89,147.66988,2144.33078
2009-10,UT,Utah,COM,commercial,118294,7.24,60.22599,832.23993
2009-10,UT,Utah,IND,industrial,9493,5.11,34.98717,684.10588
2009-10,UT,Utah,OTH,other,,,,
2009-10,UT,Utah,RES,residential,934051,8.35,52.24645,625.49588
2009-10,UT,Utah,TRA,transportation,10,8.45,.21026,2.48909
2009-10,VT,Vermont,ALL,all sectors,358336,12.98,57.47036,442.80856
2009-10,VT,Vermont,COM,commercial,50233,13.19,21.72305,164.66077
2009-10,VT,Vermont,IND,industrial,225,9.19,10.39957,113.21218
2009-10,VT,Vermont,OTH,other,,,,
2009-10,VT,Vermont,RES,residential,307878,15.37,25.34773,164.93561
2009-10,VT,Vermont,TRA,transportation,0,0,0,0
2009-10,VA,Virginia,ALL,all sectors,3607085,8.69,702.02239,8078.59214
2009-10,VA,Virginia,COM,commercial,407587,7.86,300.89878,3826.50135
2009-10,VA,Virginia,IND,industrial,5270,6.81,100.10299,1470.88088
2009-10,VA,Virginia,OTH,other,,,,
2009-10,VA,Virginia,RES,residential,3194227,10.84,299.70423,2765.48291
2009-10,VA,Virginia,TRA,transportation,1,8.37,1.31639,15.727
2009-10,WA,Washington,ALL,all sectors,3203820,6.55,445.66715,6806.7732
2009-10,WA,Washington,COM,commercial,352232,6.99,169.17776,2420.15142
2009-10,WA,Washington,IND,industrial,26298,4.55,89.47485,1967.65008
2009-10,WA,Washington,OTH,other,,,,
2009-10,WA,Washington,RES,residential,2825285,7.73,187.00032,2418.75928
2009-10,WA,Washington,TRA,transportation,5,6.69,.01422,.21242
2009-10,WV,West Virginia,ALL,all sectors,1014814,6.75,159.20595,2358.44299
2009-10,WV,West Virginia,COM,commercial,137122,7.02,45.05176,641.38943
2009-10,WV,West Virginia,IND,industrial,12229,5.27,49.32912,935.7037
2009-10,WV,West Virginia,OTH,other,,,,
2009-10,WV,West Virginia,RES,residential,865462,8.3,64.79754,780.94686
2009-10,WV,West Virginia,TRA,transportation,1,6.83,.02754,.40301
2009-10,WI,Wisconsin,ALL,all sectors,2931202,9.16,491.70881,5365.7137
2009-10,WI,Wisconsin,COM,commercial,336683,9.45,174.58839,1848.03563
2009-10,WI,Wisconsin,IND,industrial,4068,6.61,128.82485,1947.89392
2009-10,WI,Wisconsin,OTH,other,,,,
2009-10,WI,Wisconsin,RES,residential,2590451,12,188.29557,1569.78414
2009-10,WI,Wisconsin,TRA,transportation,0,0,0,0
2009-10,WY,Wyoming,ALL,all sectors,324993,6.28,88.95855,1416.35646
2009-10,WY,Wyoming,COM,commercial,59651,7.66,26.91353,351.52795
2009-10,WY,Wyoming,IND,industrial,8715,5.11,44.31969,867.52847
2009-10,WY,Wyoming,OTH,other,,,,
2009-10,WY,Wyoming,RES,residential,256627,8.98,17.72533,197.30003
2009-10,WY,Wyoming,TRA,transportation,0,0,0,0
2009-10,NEW,New England,ALL,all sectors,7004128,15.33,1462.23006,9538.35458
2009-10,NEW,New England,COM,commercial,816056,15.07,556.89433,3694.56484
2009-10,NEW,New England,IND,industrial,29341,13.2,313.32603,2373.24286
2009-10,NEW,New England,OTH,other,,,,
2009-10,NEW,New England,RES,residential,6158728,17.17,588.9236,3429.82907
2009-10,NEW,New England,TRA,transportation,3,7.58,3.08611,40.71781
2019-12,DE,Delaware,ALL,all sectors,498957,10.22,98.1708,961.03798
2019-12,DE,Delaware,COM,commercial,55846,9.07,33.78195,372.35833
2019-12,DE,Delaware,IND,industrial,862,7.45,11.36521,152.50604
2019-12,DE,Delaware,OTH,other,,,,
2019-12,DE,Delaware,RES,residential,442249,12.16,53.02363,436.17361
2019-12,DE,Delaware,TRA,transportation,0,0,0,0
2019-12,DC,District of Columbia,ALL,all sectors,312034,12.05,103.48338,858.80903
2019-12,DC,District of Columbia,COM,commercial,26532,12.15,75.59154,622.26585
2019-12,DC,District of Columbia,IND,industrial,1,8.19,1.27076,15.51163
2019-12,DC,District of Columbia,OTH,other,,,,
2019-12,DC,District of Columbia,RES,residential,285498,12.38,24.15254,195.04405
2019-12,DC,District of Columbia,TRA,transportation,3,9.5,2.46855,25.98751
2019-12,FL,Florida,ALL,all sectors,10991721,10.33,1785.38244,17289.81831
2019-12,FL,Florida,COM,commercial,1255099,9.31,674.9203,7251.68955
2019-12,FL,Florida,IND,industrial,23305,7.42,98.2662,1324.33553
2019-12,FL,Florida,OTH,other,,,,
2008-08,WI,Wisconsin,COM,commercial,334277,9.68,206.55192,2133.17533
2008-08,WI,Wisconsin,IND,industrial,5680,6.82,148.45177,2176.97115
2008-08,WI,Wisconsin,OTH,other,,,,
2008-08,WI,Wisconsin,RES,residential,2581605,12.02,236.64106,1969.4749
2008-08,WI,Wisconsin,TRA,transportation,0,0,0,0
2008-08,WY,Wyoming,ALL,all sectors,322635,5.85,82.14972,1403.597
2008-08,WY,Wyoming,COM,commercial,59927,6.85,26.61811,388.81452
2008-08,WY,Wyoming,IND,industrial,9472,4.66,37.89384,813.65049
2008-08,WY,Wyoming,OTH,other,,,,
2008-08,WY,Wyoming,RES,residential,253236,8.77,17.63777,201.13199
2008-08,WY,Wyoming,TRA,transportation,0,0,0,0
2008-08,NEW,New England,ALL,all sectors,7001009,16.94,1834.44672,10831.12092
2008-08,NEW,New England,COM,commercial,833639,16.91,819.73046,4848.40334
2008-08,NEW,New England,IND,industrial,28475,14.09,262.36897,1862.58499
2008-08,NEW,New England,OTH,other,,,,
2008-08,NEW,New England,RES,residential,6138889,18.33,746.61146,4072.33881
2008-08,NEW,New England,TRA,transportation,6,12,5.73582,47.79378
2008-08,MAT,Middle Atlantic,ALL,all sectors,17785722,14.87,5104.18834,34314.01266
2008-08,MAT,Middle Atlantic,COM,commercial,2178772,15.69,2375.534,15142.53851
2008-08,MAT,Middle Atlantic,IND,industrial,49558,8.9,548.06255,6160.0663
2008-08,MAT,Middle Atlantic,OTH,other,,,,
2008-08,MAT,Middle Atlantic,RES,residential,15557349,16.87,2136.69997,12666.80246
2019-09,ID,Idaho,RES,residential,767644,9.86,55.23179,560.3471
2019-09,ID,Idaho,TRA,transportation,0,0,0,0
2009-10,WSC,West South Central,ALL,all sectors,16809036,8.56,3610.20186,42166.17951
2009-10,WSC,West South Central,COM,commercial,2193317,8.76,1305.26573,14895.72668
2009-10,WSC,West South Central,IND,industrial,196613,5.77,745.21014,12923.8131
2009-10,WSC,West South Central,OTH,other,,,,
2009-10,WSC,West South Central,RES,residential,14419078,10.87,1559.04832,14339.81656
2009-10,WSC,West South Central,TRA,transportation,28,9.93,.67766,6.82318
2009-10,MTN,Mountain,ALL,all sectors,10278125,8.57,1772.21617,20673.6189
2009-10,MTN,Mountain,COM,commercial,1318653,8.8,672.19421,7634.53094
2009-10,MTN,Mountain,IND,industrial,82961,6.26,393.48185,6289.05176
2009-10,MTN,Mountain,OTH,other,,,,
2009-10,MTN,Mountain,RES,residential,8876482,10.47,705.93177,6743.03111
2009-10,MTN,Mountain,TRA,transportation,29,8.68,.60834,7.00509
2009-10,PACC,Pacific Contiguous,ALL,all sectors,20126267,11.23,3730.03196,33214.2718
2010-10,MTN,Mountain,ALL,all sectors,10336786,8.47,1772.46446,20928.96883
2010-10,MTN,Mountain,COM,commercial,1327596,8.73,667.9637,7647.64254
2010-10,MTN,Mountain,IND,industrial,82507,6.15,404.11589,6570.18486
2010-10,MTN,Mountain,OTH,other,,,,
2010-10,MTN,Mountain,RES,residential,8926654,10.44,699.74587,6704.22477
2010-10,MTN,Mountain,TRA,transportation,29,9.24,.639,6.91667
2010-10,PACC,Pacific Contiguous,ALL,all sectors,20148226,11.16,3680.27702,32972.99164
2010-10,PACC,Pacific Contiguous,COM,commercial,2428568,11.97,1720.652,14373.37325
2010-10,PACC,Pacific Contiguous,IND,industrial,122811,7.98,604.35512,7576.26278
2010-10,PACC,Pacific Contiguous,OTH,other,,,,
2010-10,PACC,Pacific Contiguous,RES,residential,17596772,12.32,1349.31825,10951.78142
2010-10,PACC,Pacific Contiguous,TRA,transportation,75,8.32,5.95166,71.57418
2010-10,PACN,Pacific Noncontiguous,ALL,all sectors,798547,21.38,295.76307,1383.50852
2010-10,PACN,Pacific Noncontiguous,COM,commercial,108274,20.97,110.57509,527.2604
2010-10,PACN,Pacific Noncontiguous,IND,industrial,1920,19.72,85.89083,435.59904
2010-10,PACN,Pacific Noncontiguous,OTH,other,,,,
2010-10,PACN,Pacific Noncontiguous,RES,residential,688353,23.61,99.29715,420.64908
2010-10,PACN,Pacific Noncontiguous,TRA,transportation,0,0,0,0
2010-10,US,U.S. Total,ALL,all sectors,144494350,9.81,28233.95789,287839.79568
2010-10,US,U.S. Total,COM,commercial,17706939,10.25,11118.16979,108460.80315
2010-10,US,U.S. Total,IND,industrial,730877,6.8,5580.30528,82080.65341
2010-10,US,U.S. Total,OTH,other,,,,
2010-10,US,U.S. Total,RES,residential,126056303,11.86,11471.21261,96688.03347
2010-10,US,U.S. Total,TRA,transportation,231,10.53,64.27021,610.30565
2010-11,MS,Mississippi,IND,industrial,6875,6.23,80.05456,1286.00939
2010-11,MS,Mississippi,OTH,other,,,,
2010-11,MS,Mississippi,RES,residential,1255943,10.25,116.13822,1132.88821
2010-11,MS,Mississippi,TRA,transportation,0,0,0,0
2010-11,MO,Missouri,ALL,all sectors,3076222,7.38,445.12842,6030.21604
2010-11,MO,Missouri,COM,commercial,371314,7.17,167.98036,2341.25278
2010-11,MO,Missouri,IND,industrial,8886,5.2,76.84736,1477.48122
2010-11,MO,Missouri,OTH,other,,,,
2010-11,MO,Missouri,RES,residential,2696021,9.06,200.1947,2209.26204
2010-11,MO,Missouri,TRA,transportation,1,4.77,.106,2.22
2010-11,MT,Montana,ALL,all sectors,573731,7.97,90.09452,1130.1001
2010-11,MT,Montana,COM,commercial,101410,8.86,34.40961,388.56693
2010-11,MT,Montana,IND,industrial,3709,5.47,19.46181,355.87962
2010-11,MT,Montana,OTH,other,,,,
2010-11,MT,Montana,RES,residential,468612,9.39,36.2231,385.65355
2010-11,MT,Montana,TRA,transportation,0,0,0,0
2010-11,NE,Nebraska,ALL,all sectors,986822,7.05,158.38775,2247.71186
2010-11,NE,Nebraska,COM,commercial,154231,7.36,55.15374,749.31759
2008-08,MAT,Middle Atlantic,TRA,transportation,43,12.74,43.89183,344.60539
2008-08,ENC,East North Central,ALL,all sectors,22013570,9,4760.85525,52893.31435
2008-08,ENC,East North Central,COM,commercial,2390462,9.4,1582.25835,16831.92726
2008-08,ENC,East North Central,IND,industrial,64272,6.69,1204.30358,17989.67958
2008-08,ENC,East North Central,OTH,other,,,,
2008-08,ENC,East North Central,RES,residential,19558828,10.93,1969.90969,18019.57721
2008-08,ENC,East North Central,TRA,transportation,8,8.41,4.38362,52.13029
2008-08,WNC,West North Central,ALL,all sectors,10609260,8.01,2175.57485,27145.78545
2008-08,WNC,West North Central,COM,commercial,1375422,7.93,731.15299,9216.70816
2008-08,WNC,West North Central,IND,industrial,118508,6,473.07103,7879.47731
2008-08,WNC,West North Central,OTH,other,,,,
2008-08,WNC,West North Central,RES,residential,9115328,9.67,971.06084,10045.90898
2008-08,WNC,West North Central,TRA,transportation,2,7.86,.29,3.691
2008-08,SAT,South Atlantic,ALL,all sectors,29193892,9.95,7683.64155,77200.48908
2008-08,SAT,South Atlantic,COM,commercial,3525307,9.75,2791.04294,28631.98978
2008-08,SAT,South Atlantic,IND,industrial,80863,6.76,911.15578,13473.07934
2008-08,SAT,South Atlantic,OTH,other,,,,
2008-08,SAT,South Atlantic,RES,residential,25587687,11.34,3968.50391,34986.04287
2008-08,SAT,South Atlantic,TRA,transportation,35,11.83,12.93893,109.37708
2008-08,ESC,East South Central,ALL,all sectors,9364327,8.46,2633.38893,31133.66597
2008-08,ESC,East South Central,COM,commercial,1353973,9.39,767.00974,8166.40225
2008-08,ESC,East South Central,IND,industrial,25823,6.26,663.1283,10595.10315
2008-08,ESC,East South Central,OTH,other,,,,
2008-08,ESC,East South Central,RES,residential,7984530,9.73,1203.24189,12372.07857
2008-08,ESC,East South Central,TRA,transportation,1,10.98,.009,.082
2008-08,WSC,West South Central,ALL,all sectors,16697667,11.16,6026.87982,53998.94069
2008-08,WSC,West South Central,COM,commercial,2125406,10.85,1794.71091,16542.20919
2008-08,WSC,West South Central,IND,industrial,235637,8.95,1321.42201,14761.96997
2008-08,WSC,West South Central,OTH,other,,,,
2008-08,WSC,West South Central,RES,residential,14336557,12.83,2910.20562,22688.12246
2008-08,WSC,West South Central,TRA,transportation,67,8.15,.54127,6.63907
2008-08,MTN,Mountain,ALL,all sectors,10294963,8.92,2434.6616,27282.37593
2008-08,MTN,Mountain,COM,commercial,1321312,8.97,819.08977,9134.0847
2008-08,MTN,Mountain,IND,industrial,85438,6.68,510.15196,7636.09737
2008-08,MTN,Mountain,OTH,other,,,,
2008-08,MTN,Mountain,RES,residential,8888187,10.52,1104.70361,10504.3504
2008-08,MTN,Mountain,TRA,transportation,26,9.13,.71625,7.84347
2008-08,PACC,Pacific Contiguous,ALL,all sectors,19908262,11.84,4219.37092,35651.36512
2008-08,PACC,Pacific Contiguous,COM,commercial,2398116,12.74,1928.66914,15139.91529
2008-08,PACC,Pacific Contiguous,IND,industrial,136522,8.78,680.31748,7744.64777
2008-08,PACC,Pacific Contiguous,OTH,other,,,,
2008-08,PACC,Pacific Contiguous,RES,residential,17373071,12.63,1603.29832,12690.01198
2008-08,PACC,Pacific Contiguous,TRA,transportation,553,9.23,7.08597,76.79009
2008-08,PACN,Pacific Noncontiguous,ALL,all sectors,790195,26.59,373.63373,1405.35826
2008-08,PACN,Pacific Noncontiguous,COM,commercial,108584,25.08,135.82492,541.47113
2008-08,PACN,Pacific Noncontiguous,IND,industrial,2290,25.79,115.83004,449.20447
2008-08,PACN,Pacific Noncontiguous,OTH,other,,,,
2008-08,PACN,Pacific Noncontiguous,RES,residential,679321,29.42,121.97877,414.68266
2008-08,PACN,Pacific Noncontiguous,TRA,transportation,0,0,0,0
2008-08,US,U.S. Total,ALL,all sectors,143658867,10.59,37246.64169,351856.42843
2008-08,US,U.S. Total,COM,commercial,17610993,11.07,13745.02323,124195.6496
2008-08,US,U.S. Total,IND,industrial,827386,7.55,6689.81169,88551.91025
2008-08,US,U.S. Total,OTH,other,,,,
2008-08,US,U.S. Total,RES,residential,125219747,12.09,16736.21408,138459.9164
2008-08,US,U.S. Total,TRA,transportation,741,11.65,75.59269,648.95218
2008-09,ND,North Dakota,COM,commercial,57091,7.21,24.54765,340.34908
2008-09,ND,North Dakota,IND,industrial,2353,5.87,18.07161,307.90679
2008-09,ND,North Dakota,OTH,other,,,,
2008-09,ND,North Dakota,RES,residential,319630,8.58,22.08596,257.34503
2008-09,ND,North Dakota,TRA,transportation,0,0,0,0
2009-10,ENC,East North Central,COM,commercial,2390118,9.08,1328.33342,14632.5285
2009-10,ENC,East North Central,IND,industrial,61930,6.42,1038.27395,16183.45159
2009-10,ENC,East North Central,OTH,other,,,,
2009-10,ENC,East North Central,RES,residential,19507070,11.21,1431.57299,12767.25441
2009-10,ENC,East North Central,TRA,transportation,8,8.29,3.47463,41.93315
2009-10,WNC,West North Central,ALL,all sectors,10453952,7.36,1574.90997,21408.81876
2009-10,WNC,West North Central,COM,commercial,1357358,7.25,570.11474,7868.44554
2009-10,WNC,West North Central,IND,industrial,81522,5.53,369.65974,6684.95889
2009-10,WNC,West North Central,OTH,other,,,,
2009-10,WNC,West North Central,RES,residential,9015070,9.27,634.91749,6852.09233
2009-10,WNC,West North Central,TRA,transportation,2,6.56,.218,3.322
2009-10,SAT,South Atlantic,ALL,all sectors,29240625,9.86,6130.74246,62170.52078
2009-10,SAT,South Atlantic,COM,commercial,3518036,9.59,2422.90619,25260.70234
2009-10,SAT,South Atlantic,IND,industrial,78367,6.59,747.66814,11338.80013
2009-10,SAT,South Atlantic,OTH,other,,,,
2009-10,SAT,South Atlantic,RES,residential,25644187,11.58,2949.77262,25467.17463
2009-10,SAT,South Atlantic,TRA,transportation,35,10.01,10.3955,103.84367
2009-10,ESC,East South Central,ALL,all sectors,9348881,7.63,1919.76445,25149.16596
2009-10,ESC,East South Central,COM,commercial,1326513,8.95,593.52357,6632.9377
2009-10,ESC,East South Central,IND,industrial,25263,5.34,563.33135,10553.96926
2009-10,ESC,East South Central,OTH,other,,,,
2009-10,ESC,East South Central,RES,residential,7997104,9.58,762.89452,7962.112
2009-10,ESC,East South Central,TRA,transportation,1,10.21,.01501,.147
2009-10,MAT,Middle Atlantic,ALL,all sectors,17874343,12.85,3564.5006,27749.90527
2009-10,MAT,Middle Atlantic,COM,commercial,2203094,13.31,1693.93873,12724.23511
2009-10,MAT,Middle Atlantic,IND,industrial,49414,8.05,446.69534,5550.23453
2009-10,MAT,Middle Atlantic,OTH,other,,,,
2009-10,MAT,Middle Atlantic,RES,residential,15621791,15.15,1386.48757,9153.51306
2009-10,MAT,Middle Atlantic,TRA,transportation,44,11.61,37.37897,321.92257
2009-10,ENC,East North Central,ALL,all sectors,21959126,8.71,3801.65499,43625.16766
2008-03,MA,Massachusetts,COM,commercial,379117,15.53,327.72699,2110.91689
2008-03,MA,Massachusetts,IND,industrial,14174,13.53,98.05242,724.72742
2008-03,MA,Massachusetts,OTH,other,,,,
2008-03,MA,Massachusetts,RES,residential,2659795,16.79,288.50327,1718.59978
2008-03,MA,Massachusetts,TRA,transportation,1,9.16,2.7825,30.36362
2008-03,MI,Michigan,ALL,all sectors,4826365,8.56,748.92306,8750.98935
2008-03,MI,Michigan,COM,commercial,518340,8.87,275.02085,3102.33379
2008-03,MI,Michigan,IND,industrial,13551,6.38,173.80023,2723.79967
2008-03,MI,Michigan,OTH,other,,,,
2008-03,MI,Michigan,RES,residential,4294473,10.26,300.052,2924.40092
2008-03,MI,Michigan,TRA,transportation,1,10.99,.04999,.45497
2008-03,MN,Minnesota,ALL,all sectors,2558724,7.42,433.24124,5840.98679
2008-03,MN,Minnesota,COM,commercial,268926,7.41,139.07571,1876.95355
2008-03,MN,Minnesota,IND,industrial,10734,5.67,112.09631,1978.59654
2008-03,MN,Minnesota,OTH,other,,,,
2008-03,MN,Minnesota,RES,residential,2279063,9.17,181.91122,1983.57171
2008-03,MN,Minnesota,TRA,transportation,1,8.47,.158,1.865
2008-03,MS,Mississippi,ALL,all sectors,1466070,8.07,291.6958,3613.93912
2008-03,MS,Mississippi,COM,commercial,223568,9.36,90.17708,963.54906
2008-03,MS,Mississippi,IND,industrial,7102,5.75,77.8645,1354.53289
2008-03,MS,Mississippi,OTH,other,,,,
2008-03,MS,Mississippi,RES,residential,1235400,9.54,123.65423,1295.85718
2008-03,MS,Mississippi,TRA,transportation,0,0,0,0
2008-03,MO,Missouri,ALL,all sectors,3052151,6.01,411.1254,6844.66694
2008-03,MO,Missouri,COM,commercial,366819,5.85,136.86396,2340.92389
2008-03,MO,Missouri,IND,industrial,9340,4.34,63.52257,1465.31353
2008-03,MO,Missouri,OTH,other,,,,
2008-03,MO,Missouri,RES,residential,2675991,6.94,210.64388,3036.24253
2008-03,MO,Missouri,TRA,transportation,1,4.34,.095,2.187
2008-03,MT,Montana,ALL,all sectors,568091,7.66,98.32184,1282.92268
2008-03,MT,Montana,COM,commercial,100138,8.33,33.7251,404.62486
2008-03,MT,Montana,IND,industrial,4733,6.02,27.50669,456.99485
2008-03,MT,Montana,OTH,other,,,,
2008-03,MT,Montana,RES,residential,463220,8.8,37.09006,421.30298
2008-03,MT,Montana,TRA,transportation,0,0,0,0
2008-03,NE,Nebraska,ALL,all sectors,1011122,6.33,147.03182,2321.13445
2008-03,NE,Nebraska,COM,commercial,152417,6.34,47.34217,747.21913
2008-03,NE,Nebraska,IND,industrial,63930,5.41,39.93635,737.68136
2008-03,NE,Nebraska,OTH,other,,,,
2008-03,NE,Nebraska,RES,residential,794775,7.15,59.7533,836.23396
2008-03,NE,Nebraska,TRA,transportation,0,0,0,0
2008-03,NV,Nevada,ALL,all sectors,1208413,9.82,244.29595,2488.44799
2008-03,NV,Nevada,COM,commercial,152264,10.31,70.75243,686.42608
2008-03,NV,Nevada,IND,industrial,3345,7.8,86.35622,1106.71628
2008-03,NV,Nevada,OTH,other,,,,
2008-03,NV,Nevada,RES,residential,1052787,12.54,87.1293,694.69469
2008-03,NV,Nevada,TRA,transportation,17,9.49,.058,.61093
2008-03,NH,New Hampshire,ALL,all sectors,697872,13.87,127.31586,917.70156
2008-03,NH,New Hampshire,COM,commercial,102361,13.51,48.67542,360.18343
2008-03,NH,New Hampshire,IND,industrial,3214,12.43,21.37447,171.97159
2008-03,NH,New Hampshire,OTH,other,,,,
2008-03,NH,New Hampshire,RES,residential,592297,14.85,57.26597,385.54654
2008-03,NH,New Hampshire,TRA,transportation,0,0,0,0
2008-03,NJ,New Jersey,ALL,all sectors,3884744,12.84,815.94207,6353.81432
2008-03,NJ,New Jersey,COM,commercial,465626,12.5,414.52761,3316.56839
2008-03,NJ,New Jersey,IND,industrial,13414,11.74,103.84175,884.66209
2008-03,NJ,New Jersey,OTH,other,,,,
2008-03,NJ,New Jersey,RES,residential,3405698,13.83,294.21069,2126.70482
2008-03,NJ,New Jersey,TRA,transportation,6,12.99,3.36203,25.87901
2008-03,NM,New Mexico,ALL,all sectors,979523,7.48,126.78046,1694.72356
2008-03,NM,New Mexico,COM,commercial,133466,7.81,51.57345,660.0263
2008-03,NM,New Mexico,IND,industrial,6330,5.65,30.96969,548.19713
2008-03,NM,New Mexico,OTH,other,,,,
2008-03,NM,New Mexico,RES,residential,839727,9.09,44.23732,486.50013
2008-03,NM,New Mexico,TRA,transportation,0,0,0,0
2008-03,NY,New York,ALL,all sectors,7927565,15.02,1753.01387,11670.29245
2008-03,NY,New York,COM,commercial,1029592,15.08,953.822,6323.97778
2008-03,NY,New York,IND,industrial,8826,8.69,100.82384,1160.0388
2008-03,NY,New York,OTH,other,,,,
2008-03,NY,New York,RES,residential,6889122,16.93,669.41216,3953.30261
2008-03,NY,New York,TRA,transportation,25,12.43,28.95587,232.97326
2008-03,NC,North Carolina,ALL,all sectors,4786631,7.61,745.10704,9788.44234
2008-03,NC,North Carolina,COM,commercial,644517,7.37,251.91667,3416.31595
2008-03,NC,North Carolina,IND,industrial,10645,5.2,119.3906,2297.26801
2008-03,NC,North Carolina,OTH,other,,,,
2008-03,NC,North Carolina,RES,residential,4131469,9.17,373.79943,4074.85482
2008-03,NC,North Carolina,TRA,transportation,0,9.4,.00033,.00356
2008-03,ND,North Dakota,ALL,all sectors,375719,6.46,73.80805,1141.94147
2008-03,ND,North Dakota,COM,commercial,56178,6.61,27.06596,409.31937
2008-03,ND,North Dakota,IND,industrial,2243,5.54,16.59393,299.47866
2008-03,ND,North Dakota,OTH,other,,,,
2008-03,ND,North Dakota,RES,residential,317298,6.96,30.14816,433.14344
2008-03,ND,North Dakota,TRA,transportation,0,0,0,0
2008-03,OH,Ohio,ALL,all sectors,5536669,7.97,1098.98877,13791.27825
2008-03,OH,Ohio,COM,commercial,611331,8.98,350.69593,3904.01859
2008-03,OH,Ohio,IND,industrial,21245,5.97,300.46941,5031.60455
2008-03,OH,Ohio,OTH,other,,,,
2008-03,OH,Ohio,RES,residential,4904091,9.22,447.32141,4850.75244
2008-03,OH,Ohio,TRA,transportation,2,10.24,.50203,4.90267
2008-03,OK,Oklahoma,ALL,all sectors,1910554,6.89,291.2716,4227.38058
2008-03,OK,Oklahoma,COM,commercial,263252,6.99,97.22814,1390.15784
2008-03,OK,Oklahoma,IND,industrial,17578,5.23,67.21414,1286.28767
2008-03,OK,Oklahoma,OTH,other,,,,
2008-03,OK,Oklahoma,RES,residential,1629724,8.18,126.82932,1550.93508
2008-03,OK,Oklahoma,TRA,transportation,0,0,0,0
2008-03,OR,Oregon,ALL,all sectors,1872197,7.32,317.03083,4333.59777
2008-03,OR,Oregon,COM,commercial,234016,7.45,106.08052,1424.19615
2008-03,OR,Oregon,IND,industrial,23408,5.06,53.94542,1066.37231
2008-03,OR,Oregon,OTH,other,,,,
2008-03,OR,Oregon,RES,residential,1614728,8.52,156.90286,1841.56612
2008-03,OR,Oregon,TRA,transportation,45,6.97,.10204,1.46319
2008-03,PA,Pennsylvania,ALL,all sectors,5934240,9.06,1171.05441,12923.20916
2008-03,PA,Pennsylvania,COM,commercial,674902,9.08,360.21014,3968.36498
2008-03,PA,Pennsylvania,IND,industrial,27519,7.04,281.70858,4000.331
2008-03,PA,Pennsylvania,OTH,other,,,,
2008-03,PA,Pennsylvania,RES,residential,5231805,10.72,523.79148,4887.10413
2008-03,PA,Pennsylvania,TRA,transportation,14,7.93,5.34422,67.40905
2008-03,RI,Rhode Island,ALL,all sectors,491655,15.74,95.22043,605.12878
2008-03,RI,Rhode Island,COM,commercial,56195,14.97,42.48792,283.76588
2008-03,RI,Rhode Island,IND,industrial,2080,14.64,9.68026,66.141
2008-03,RI,Rhode Island,OTH,other,,,,
2008-03,RI,Rhode Island,RES,residential,433380,16.87,43.05226,255.22189
2008-03,RI,Rhode Island,TRA,transportation,0,0,0,0
2008-03,SC,South Carolina,ALL,all sectors,2404958,7.21,444.10456,6160.92259
2008-03,SC,South Carolina,COM,commercial,340778,8.03,128.4571,1599.46335
2008-03,SC,South Carolina,IND,industrial,4710,4.9,121.56795,2482.82776
2008-03,SC,South Carolina,OTH,other,,,,
2008-03,SC,South Carolina,RES,residential,2059470,9.34,194.07951,2078.63147
2008-03,SC,South Carolina,TRA,transportation,0,0,0,0
2010-05,KY,Kentucky,RES,residential,1927715,8.77,154.72783,1764.66091
2010-05,KY,Kentucky,TRA,transportation,0,0,0,0
2010-05,LA,Louisiana,ALL,all sectors,2242828,7.54,480.13533,6365.6832
2010-05,LA,Louisiana,COM,commercial,271489,8.27,156.99752,1899.08571
2010-05,LA,Louisiana,IND,industrial,18123,5.66,135.04564,2387.39347
2010-05,LA,Louisiana,OTH,other,,,,
2010-05,LA,Louisiana,RES,residential,1953192,9.05,188.01018,2078.27813
2010-05,LA,Louisiana,TRA,transportation,24,8.86,.082,.92589
2010-05,ME,Maine,ALL,all sectors,790304,12.45,112.60491,904.24627
2010-05,ME,Maine,COM,commercial,88347,12.29,39.67898,322.85932
2010-05,ME,Maine,IND,industrial,2817,8.88,23.96729,270.01836
2010-05,ME,Maine,OTH,other,,,,
2010-05,ME,Maine,RES,residential,699140,15.72,48.95864,311.36858
2010-05,ME,Maine,TRA,transportation,0,0,0,0
2010-05,MD,Maryland,ALL,all sectors,2451284,12.42,606.80304,4884.5607
2010-05,MD,Maryland,COM,commercial,244103,11.5,287.48062,2500.75309
2010-05,MD,Maryland,IND,industrial,8680,9.35,42.95312,459.42306
2010-05,MD,Maryland,OTH,other,,,,
2010-05,MD,Maryland,RES,residential,2198496,14.47,271.94073,1879.05917
2010-05,MD,Maryland,TRA,transportation,5,9.77,4.42857,45.32538
2010-06,DC,District of Columbia,IND,industrial,1,8.05,1.83124,22.75674
2010-06,DC,District of Columbia,OTH,other,,,,
2010-06,DC,District of Columbia,RES,residential,226548,14.74,29.56061,200.57391
2010-06,DC,District of Columbia,TRA,transportation,1,11.22,3.74,33.31959
2010-06,FL,Florida,ALL,all sectors,9714561,10.73,2335.02384,21765.52057
2010-06,FL,Florida,COM,commercial,1131878,9.79,833.47007,8512.3355
2010-06,FL,Florida,IND,industrial,18211,8.89,137.26334,1544.45691
2010-06,FL,Florida,OTH,other,,,,
2010-06,FL,Florida,RES,residential,8564447,11.65,1363.62184,11701.11225
2010-06,FL,Florida,TRA,transportation,25,8.78,.66859,7.61592
2010-06,GA,Georgia,ALL,all sectors,4630604,9.43,1216.4361,12898.12312
2010-06,GA,Georgia,COM,commercial,547730,9.27,409.55048,4420.28323
2010-06,GA,Georgia,IND,industrial,16046,6.73,182.27227,2707.8509
2010-06,GA,Georgia,OTH,other,,,,
2010-11,WV,West Virginia,IND,industrial,12358,6.36,58.49539,920.43211
2010-11,WV,West Virginia,OTH,other,,,,
2010-11,WV,West Virginia,RES,residential,869426,9.19,85.91863,934.47423
2010-11,WV,West Virginia,TRA,transportation,1,8.36,.02872,.34348
2010-11,WI,Wisconsin,ALL,all sectors,2932357,9.68,514.02046,5312.44332
2010-11,WI,Wisconsin,COM,commercial,338334,9.87,176.61983,1788.59084
2010-11,WI,Wisconsin,IND,industrial,3976,6.8,126.90687,1866.263
2010-11,WI,Wisconsin,OTH,other,,,,
2010-11,WI,Wisconsin,RES,residential,2590047,12.7,210.49377,1657.58948
2010-11,WI,Wisconsin,TRA,transportation,0,0,0,0
2010-11,WY,Wyoming,ALL,all sectors,325207,6.21,90.28287,1452.96032
2010-11,WY,Wyoming,COM,commercial,59566,7.43,26.68046,359.33116
2010-11,WY,Wyoming,IND,industrial,8669,5.02,43.7132,870.64516
2010-11,WY,Wyoming,OTH,other,,,,
2010-11,WY,Wyoming,RES,residential,256972,8.92,19.88921,222.984
2010-11,WY,Wyoming,TRA,transportation,0,0,0,0
2010-12,MT,Montana,RES,residential,470355,8.95,47.89035,535.03179
2010-12,MT,Montana,TRA,transportation,0,0,0,0
2010-12,NE,Nebraska,ALL,all sectors,990373,7,184.05106,2627.80912
2010-12,NE,Nebraska,COM,commercial,154261,7.28,58.37565,801.86767
2010-12,NE,Nebraska,IND,industrial,32650,5.53,45.16931,817.44154
2010-12,NE,Nebraska,OTH,other,,,,
2019-09,GA,Georgia,ALL,all sectors,5036324,10.4,1385.05454,13314.6475
2019-09,GA,Georgia,COM,commercial,586283,10.36,466.23505,4498.54053
2019-09,GA,Georgia,IND,industrial,24007,7.04,194.42126,2763.16982
2019-09,GA,Georgia,OTH,other,,,,
2019-09,GA,Georgia,RES,residential,4426033,11.98,723.29322,6039.13002
2019-09,GA,Georgia,TRA,transportation,1,8,1.10501,13.80712
2019-09,HI,Hawaii,ALL,all sectors,499510,28.06,241.38008,860.16516
2019-09,HI,Hawaii,COM,commercial,59933,28.55,79.27364,277.65223
2019-09,HI,Hawaii,IND,industrial,827,25.21,82.29145,326.4774
2019-09,HI,Hawaii,OTH,other,,,,
2019-09,HI,Hawaii,RES,residential,438750,31.17,79.81499,256.03553
2019-09,HI,Hawaii,TRA,transportation,0,0,0,0
2019-09,ID,Idaho,ALL,all sectors,908873,7.65,142.95834,1869.07637
2019-09,ID,Idaho,COM,commercial,112514,7.56,39.20761,518.61635
2019-09,ID,Idaho,IND,industrial,28715,6.14,48.51894,790.11293
2019-09,ID,Idaho,OTH,other,,,,
2019-09,IL,Illinois,ALL,all sectors,5947449,9.28,1094.91858,11794.83779
2019-11,CT,Connecticut,RES,residential,1513745,21.64,183.58434,848.38815
2019-11,CT,Connecticut,TRA,transportation,3,11.17,1.56325,13.99977
2019-11,DE,Delaware,ALL,all sectors,498237,10.67,90.12888,844.96714
2019-11,DE,Delaware,COM,commercial,55876,9.78,32.53834,332.65923
2019-11,DE,Delaware,IND,industrial,864,7.57,13.26319,175.1561
2019-11,DE,Delaware,OTH,other,,,,
2019-11,DE,Delaware,RES,residential,441497,13.15,44.32735,337.1518
2019-11,DE,Delaware,TRA,transportation,0,0,0,0
2019-11,DC,District of Columbia,ALL,all sectors,311594,12.73,103.13815,810.40575
2019-11,DC,District of Columbia,COM,commercial,26489,12.78,75.7222,592.45898
2019-11,DC,District of Columbia,IND,industrial,1,8.24,1.35138,16.40951
2019-11,DC,District of Columbia,OTH,other,,,,
2019-11,DC,District of Columbia,RES,residential,285101,13.77,23.17006,168.21081
2019-11,DC,District of Columbia,TRA,transportation,3,8.69,2.89452,33.32645
2019-11,FL,Florida,ALL,all sectors,10984431,10.76,1918.29914,17831.26089
2019-11,FL,Florida,COM,commercial,1256503,9.63,707.38171,7347.82317
2019-11,FL,Florida,IND,industrial,23421,7.82,103.08862,1318.20508
2019-11,FL,Florida,OTH,other,,,,
2019-12,AR,Arkansas,TRA,transportation,2,9.61,.00281,.0292
2019-12,CA,California,ALL,all sectors,15967442,16.05,3439.21121,21427.79741
2019-12,CA,California,COM,commercial,1752256,15.09,1489.72997,9871.27062
2019-12,CA,California,IND,industrial,150687,12.14,445.15804,3668.05577
2019-12,CA,California,OTH,other,,,,
2019-12,CA,California,RES,residential,14064486,19.15,1498.72779,7825.59316
2019-12,CA,California,TRA,transportation,13,8.9,5.59541,62.87786
2019-12,CO,Colorado,ALL,all sectors,2783526,9.42,447.5016,4750.3636
2019-12,CO,Colorado,COM,commercial,381722,9.31,163.59281,1757.7742
2019-12,CO,Colorado,IND,industrial,14269,6.9,90.24116,1308.37188
2019-12,CO,Colorado,OTH,other,,,,
2019-12,CO,Colorado,RES,residential,2387534,11.52,192.89425,1674.54574
2019-12,CO,Colorado,TRA,transportation,1,8,.77337,9.67179
2019-12,CT,Connecticut,ALL,all sectors,1671467,18.14,457.42648,2522.30021
2019-12,CT,Connecticut,COM,commercial,152036,16.4,160.4526,978.20237
2019-12,CT,Connecticut,IND,industrial,4142,13.29,28.78072,216.58007
2019-12,CT,Connecticut,OTH,other,,,,
2019-12,CT,Connecticut,RES,residential,1515286,20.3,266.32517,1311.64011
2019-12,CT,Connecticut,TRA,transportation,3,11.76,1.86799,15.87766
2008-08,RI,Rhode Island,IND,industrial,2069,14.31,12.10325,84.57226
2008-08,RI,Rhode Island,OTH,other,,,,
2008-08,RI,Rhode Island,RES,residential,432980,18.12,52.66313,290.68904
2008-08,RI,Rhode Island,TRA,transportation,0,0,0,0
2008-08,SC,South Carolina,ALL,all sectors,2422758,8.42,671.9798,7976.97264
2008-08,SC,South Carolina,COM,commercial,342441,8.83,189.59315,2147.10397
2008-08,SC,South Carolina,IND,industrial,4708,5.83,154.26759,2646.77385
2008-08,SC,South Carolina,OTH,other,,,,
2008-08,SC,South Carolina,RES,residential,2075609,10.31,328.11906,3183.09482
2008-08,SC,South Carolina,TRA,transportation,0,0,0,0
2008-08,SD,South Dakota,ALL,all sectors,435833,7.42,73.05064,983.90735
2008-08,SD,South Dakota,COM,commercial,66094,7.23,28.28289,391.11603
2008-08,SD,South Dakota,IND,industrial,3599,5.41,12.02699,222.13714
2008-08,SD,South Dakota,OTH,other,,,,
2008-08,SD,South Dakota,RES,residential,366140,8.83,32.74077,370.65419
2008-08,SD,South Dakota,TRA,transportation,0,0,0,0
2008-08,TN,Tennessee,ALL,all sectors,3157223,8.26,813.18714,9841.65293
2008-08,TN,Tennessee,COM,commercial,460806,9.16,257.89311,2814.21019
2008-08,TN,Tennessee,IND,industrial,2045,6.41,176.55308,2756.29319
2008-08,TN,Tennessee,OTH,other,,,,
2008-08,TN,Tennessee,RES,residential,2694371,8.87,378.73195,4271.06755
2008-08,TN,Tennessee,TRA,transportation,1,10.98,.009,.082
2008-08,TX,Texas,ALL,all sectors,11038396,11.9,4239.99991,35633.21544
2008-08,TX,Texas,COM,commercial,1417181,11.29,1273.9463,11288.64105
2008-08,TX,Texas,IND,industrial,160279,9.54,893.33299,9367.09887
2008-08,TX,Texas,OTH,other,,,,
2008-08,TX,Texas,RES,residential,9460894,13.84,2072.25295,14971.42047
2008-08,TX,Texas,TRA,transportation,42,7.72,.46767,6.05505
2008-08,UT,Utah,ALL,all sectors,1051292,7.05,194.59809,2761.59495
2008-08,UT,Utah,COM,commercial,115572,6.88,69.40986,1008.2426
2008-08,UT,Utah,IND,industrial,9524,5.06,40.17688,793.33195
2008-08,UT,Utah,OTH,other,,,,
2008-08,UT,Utah,RES,residential,926188,8.86,84.79011,957.23483
2008-08,UT,Utah,TRA,transportation,8,7.94,.22125,2.78557
2008-08,VT,Vermont,ALL,all sectors,356841,12.29,60.31818,490.72334
2008-08,VT,Vermont,COM,commercial,49486,12.38,22.54449,182.16193
2008-08,VT,Vermont,IND,industrial,311,9.11,11.89543,130.64357
2008-08,VT,Vermont,OTH,other,,,,
2008-08,VT,Vermont,RES,residential,307044,14.55,25.87827,177.91784
2008-08,VT,Vermont,TRA,transportation,0,0,0,0
2008-08,VA,Virginia,ALL,all sectors,3583001,8.93,904.98554,10134.07444
2008-08,VA,Virginia,COM,commercial,404995,8.11,346.44643,4271.72812
2008-08,VA,Virginia,IND,industrial,5334,6.28,104.43253,1662.50048
2008-08,VA,Virginia,OTH,other,,,,
2008-08,VA,Virginia,RES,residential,3172671,10.82,452.72672,4183.85683
2008-08,VA,Virginia,TRA,transportation,1,8.63,1.37987,15.989
2008-08,WA,Washington,ALL,all sectors,3183120,6.49,440.7392,6788.88402
2008-08,WA,Washington,COM,commercial,350863,6.71,169.58526,2528.40022
2008-08,WA,Washington,IND,industrial,31405,4.7,89.58068,1905.36187
2008-08,WA,Washington,OTH,other,,,,
2008-08,WA,Washington,RES,residential,2800848,7.71,181.5665,2355.01031
2008-08,WA,Washington,TRA,transportation,4,6.06,.00676,.11162
2008-08,WV,West Virginia,ALL,all sectors,1010702,5.82,162.34063,2788.53648
2008-08,WV,West Virginia,COM,commercial,135886,6.27,41.45305,661.28688
2008-08,WV,West Virginia,IND,industrial,12032,4.35,53.66727,1233.69074
2008-08,WV,West Virginia,OTH,other,,,,
2008-08,WV,West Virginia,RES,residential,862783,7.52,67.20179,893.25077
2008-08,WV,West Virginia,TRA,transportation,1,6.01,.01852,.30808
2008-08,WI,Wisconsin,ALL,all sectors,2921562,9.42,591.64475,6279.62138
2008-09,MN,Minnesota,TRA,transportation,1,7.91,.142,1.795
2008-09,MS,Mississippi,ALL,all sectors,1473177,9.6,411.73334,4289.684
2008-09,MS,Mississippi,COM,commercial,224977,10.49,127.61811,1216.83983
2008-09,MS,Mississippi,IND,industrial,7644,7.03,93.97188,1336.68547
2008-09,MS,Mississippi,OTH,other,,,,
2008-09,MS,Mississippi,RES,residential,1240556,10.95,190.14334,1736.1587
2008-09,MS,Mississippi,TRA,transportation,0,0,0,0
2008-09,MO,Missouri,ALL,all sectors,3060502,7.12,487.17586,6837.87333
2008-09,MO,Missouri,COM,commercial,368821,6.87,180.40597,2627.29346
2008-09,MO,Missouri,IND,industrial,9327,5.31,83.00598,1561.78633
2008-09,MO,Missouri,OTH,other,,,,
2008-09,MO,Missouri,RES,residential,2682353,8.45,223.63091,2646.98054
2008-09,MO,Missouri,TRA,transportation,1,7.34,.133,1.813
2008-09,MT,Montana,ALL,all sectors,566969,8.15,96.68345,1186.77106
2008-09,MT,Montana,COM,commercial,100617,9.13,35.85933,392.64393
2008-09,MT,Montana,IND,industrial,7701,6.29,30.31095,482.19933
2008-09,MT,Montana,OTH,other,,,,
2008-09,MT,Montana,RES,residential,458651,9.78,30.51317,311.9278
2008-09,MT,Montana,TRA,transportation,0,0,0,0
2008-09,NE,Nebraska,ALL,all sectors,1014113,7.27,168.27313,2314.84981
2008-09,NE,Nebraska,COM,commercial,153746,7.36,57.98622,787.92182
2008-09,NE,Nebraska,IND,industrial,64684,5.55,47.62721,857.6563
2008-09,NE,Nebraska,OTH,other,,,,
2008-09,NE,Nebraska,RES,residential,795683,9.36,62.6597,669.27169
2008-09,NE,Nebraska,TRA,transportation,0,0,0,0
2008-09,NV,Nevada,ALL,all sectors,1214234,9.88,319.88831,3236.84574
2008-09,NV,Nevada,COM,commercial,153692,9.71,79.77006,821.26799
2008-09,NV,Nevada,IND,industrial,3859,8.5,99.05708,1165.69105
2008-09,NV,Nevada,OTH,other,,,,
2008-09,NV,Nevada,RES,residential,1056666,11.29,140.99617,1249.20279
2008-09,NV,Nevada,TRA,transportation,17,9.5,.065,.68392
2008-09,NH,New Hampshire,ALL,all sectors,702275,15.17,135.34557,892.31984
2008-09,NH,New Hampshire,COM,commercial,103167,14.86,56.98946,383.51953
2008-09,NH,New Hampshire,IND,industrial,3638,13.79,24.4014,176.93574
2008-09,NH,New Hampshire,OTH,other,,,,
2008-09,NH,New Hampshire,RES,residential,595470,16.26,53.9547,331.86457
2008-09,NH,New Hampshire,TRA,transportation,0,0,0,0
2008-09,NJ,New Jersey,ALL,all sectors,3900184,15.44,1077.2359,6974.71847
2008-09,NJ,New Jersey,COM,commercial,469111,15.14,530.62523,3505.45873
2008-09,NJ,New Jersey,IND,industrial,13395,12.91,120.05232,929.70283
2008-09,NJ,New Jersey,OTH,other,,,,
2008-09,NJ,New Jersey,RES,residential,3417672,16.84,422.9331,2512.05386
2008-09,NJ,New Jersey,TRA,transportation,6,13.18,3.62525,27.50305
2008-09,NM,New Mexico,ALL,all sectors,983371,9.01,168.67899,1872.04129
2008-09,NM,New Mexico,COM,commercial,133625,9.09,70.02745,770.17712
2008-09,NM,New Mexico,IND,industrial,6582,7.38,42.28932,572.93139
2008-09,NM,New Mexico,OTH,other,,,,
2008-09,NM,New Mexico,RES,residential,843164,10.66,56.36223,528.93278
2008-09,NM,New Mexico,TRA,transportation,0,0,0,0
2008-09,NY,New York,ALL,all sectors,7938395,17.6,2241.46584,12734.58946
2008-09,NY,New York,COM,commercial,1030237,18.05,1244.78195,6896.42014
2008-09,NY,New York,IND,industrial,8640,9.95,131.23961,1318.39631
2008-09,NY,New York,OTH,other,,,,
2008-09,NY,New York,RES,residential,6899495,19.5,833.35939,4274.67092
2008-09,NY,New York,TRA,transportation,23,13.09,32.08489,245.10209
2008-09,NC,North Carolina,ALL,all sectors,4829493,8.29,944.1415,11383.72077
2008-09,NC,North Carolina,COM,commercial,659946,7.76,325.63272,4194.89653
2008-09,NC,North Carolina,IND,industrial,11400,5.86,143.59385,2451.21388
2008-09,NC,North Carolina,OTH,other,,,,
2008-09,NC,North Carolina,RES,residential,4158146,10.02,474.87593,4737.02044
2008-08,NY,New York,ALL,all sectors,7942439,18.81,2571.90345,13669.57171
2008-08,NY,New York,COM,commercial,1033454,18.89,1367.12506,7238.53441
2008-08,NY,New York,IND,industrial,8734,10.58,128.4851,1214.05111
2008-08,NY,New York,OTH,other,,,,
2008-08,NY,New York,RES,residential,6900228,20.93,1041.00635,4972.70966
2008-08,NY,New York,TRA,transportation,23,14.45,35.28695,244.27654
2008-08,NC,North Carolina,ALL,all sectors,4816389,8.3,1058.45288,12745.56348
2008-08,NC,North Carolina,COM,commercial,648130,7.74,345.63992,4465.15345
2008-08,NC,North Carolina,IND,industrial,11224,5.88,151.33454,2573.08806
2008-08,NC,North Carolina,OTH,other,,,,
2008-08,NC,North Carolina,RES,residential,4157034,9.84,561.44171,5706.74042
2008-08,NC,North Carolina,TRA,transportation,1,6.31,.03672,.58155
2008-08,ND,North Dakota,ALL,all sectors,378644,7.03,69.9757,994.68711
2008-08,ND,North Dakota,COM,commercial,57001,6.99,26.27537,375.87863
2008-08,ND,North Dakota,IND,industrial,2357,5.83,18.77916,322.0679
2008-08,ND,North Dakota,OTH,other,,,,
2008-09,NC,North Carolina,TRA,transportation,1,6.61,.039,.58991
2008-09,ND,North Dakota,ALL,all sectors,379074,7.15,64.70522,905.6009
2008-10,AR,Arkansas,TRA,transportation,2,12.42,.00408,.03286
2008-10,CA,California,ALL,all sectors,15290906,12.47,2932.54453,23521.79003
2008-10,CA,California,COM,commercial,1861420,12.82,1453.07317,11335.03905
2008-10,CA,California,IND,industrial,77192,10.57,468.85504,4437.24377
2008-10,CA,California,OTH,other,,,,
2008-10,CA,California,RES,residential,13351774,13.09,1004.43605,7675.6617
2008-10,CA,California,TRA,transportation,520,8.37,6.18027,73.84551
2008-10,CO,Colorado,ALL,all sectors,2550599,8.35,346.27334,4146.94163
2008-10,CO,Colorado,COM,commercial,360622,7.99,134.91625,1687.59582
2008-10,CO,Colorado,IND,industrial,13201,6.68,77.75555,1164.00637
2008-10,CO,Colorado,OTH,other,,,,
2008-10,CO,Colorado,RES,residential,2176775,10.32,133.26454,1291.16544
2008-10,CO,Colorado,TRA,transportation,1,8.07,.337,4.174
2008-10,CT,Connecticut,ALL,all sectors,1612503,18.33,435.29718,2374.15967
2008-11,AK,Alaska,IND,industrial,1200,12.93,14.4051,111.38667
2008-11,AK,Alaska,OTH,other,,,,
2008-11,AK,Alaska,RES,residential,268983,16.55,31.80099,192.11627
2008-11,AK,Alaska,TRA,transportation,0,0,0,0
2008-11,AZ,Arizona,ALL,all sectors,2841988,8.36,440.10173,5261.26775
2008-11,AZ,Arizona,COM,commercial,300621,8.49,196.5353,2316.11605
2008-10,CT,Connecticut,COM,commercial,155450,17.58,199.46039,1134.40472
2008-10,CT,Connecticut,IND,industrial,5184,15.28,58.98514,386.0611
2008-10,CT,Connecticut,OTH,other,,,,
2008-10,CT,Connecticut,RES,residential,1451864,20.74,172.83813,833.22157
2008-10,CT,Connecticut,TRA,transportation,5,19.6,4.01352,20.47229
2008-10,DE,Delaware,ALL,all sectors,441952,12.68,116.79761,920.94504
2008-10,DE,Delaware,COM,commercial,49127,12.69,45.3702,357.44955
2008-10,DE,Delaware,IND,industrial,620,10.37,28.60615,275.76753
2008-10,DE,Delaware,OTH,other,,,,
2008-10,DE,Delaware,RES,residential,392205,14.88,42.82126,287.72795
2008-10,DE,Delaware,TRA,transportation,0,0,0,0
2008-10,DC,District of Columbia,ALL,all sectors,245312,13.71,122.25235,891.65852
2008-10,DC,District of Columbia,COM,commercial,26667,13.63,99.07459,727.00323
2008-10,DC,District of Columbia,IND,industrial,1,10.55,1.99894,18.94831
2008-10,DC,District of Columbia,OTH,other,,,,
2008-10,DC,District of Columbia,RES,residential,218643,14.14,16.94787,119.86693
2008-10,DC,District of Columbia,TRA,transportation,1,16.37,4.23095,25.84004
2008-10,FL,Florida,ALL,all sectors,9552302,11.16,2125.08612,19036.4742
2008-10,FL,Florida,COM,commercial,1126881,10.52,835.85615,7941.93304
2008-10,FL,Florida,IND,industrial,21410,8.73,135.15062,1547.76434
2008-10,FL,Florida,OTH,other,,,,
2008-10,FL,Florida,RES,residential,8403986,12.09,1153.32024,9539.71015
2008-10,FL,Florida,TRA,transportation,25,10.74,.75912,7.06667
2008-10,GA,Georgia,ALL,all sectors,4598469,8.87,905.80427,10213.25903
2008-10,GA,Georgia,COM,commercial,544935,9.27,349.92844,3774.29475
2008-10,GA,Georgia,IND,industrial,15833,6.5,177.96377,2736.00177
2008-10,GA,Georgia,OTH,other,,,,
2008-10,GA,Georgia,RES,residential,4037700,10.22,376.89956,3688.29653
2008-10,GA,Georgia,TRA,transportation,1,6.9,1.0125,14.66599
2008-10,HI,Hawaii,ALL,all sectors,472448,32.28,287.53588,890.7568
2008-10,HI,Hawaii,COM,commercial,61498,32.82,100.64488,306.65955
2008-10,HI,Hawaii,IND,industrial,662,29.1,95.76989,329.11551
2008-10,HI,Hawaii,OTH,other,,,,
2008-11,AZ,Arizona,IND,industrial,7250,5.88,60.24866,1024.97766
2008-11,AZ,Arizona,OTH,other,,,,
2008-11,AZ,Arizona,RES,residential,2534117,9.55,183.31778,1920.17404
2008-11,AZ,Arizona,TRA,transportation,0,0,0,0
2008-11,AR,Arkansas,ALL,all sectors,1517952,7.5,243.96089,3254.65885
2008-11,AR,Arkansas,COM,commercial,176549,7.57,66.66081,880.16661
2008-11,AR,Arkansas,IND,industrial,30993,5.85,76.14492,1300.84273
2008-11,AR,Arkansas,OTH,other,,,,
2008-11,AR,Arkansas,RES,residential,1310408,9.42,101.15163,1073.62153
2008-11,AR,Arkansas,TRA,transportation,2,12.61,.00353,.02799
2008-11,CA,California,ALL,all sectors,14100214,12.48,2418.08701,19377.18211
2008-11,CA,California,COM,commercial,1714768,12.42,1152.11144,9278.03523
2008-11,CA,California,IND,industrial,76566,10.13,411.29535,4059.97884
2008-11,CA,California,OTH,other,,,,
2008-11,CA,California,RES,residential,12308385,14.22,849.13025,5969.99237
2008-11,CA,California,TRA,transportation,495,8.02,5.54997,69.17567
2008-12,AL,Alabama,ALL,all sectors,2497357,9.02,614.09444,6811.74905
2008-12,AL,Alabama,COM,commercial,366447,10.27,171.47726,1670.32809
2008-12,AL,Alabama,IND,industrial,9257,6.69,155.28284,2320.8385
2008-12,AL,Alabama,OTH,other,,,,
2008-12,AL,Alabama,RES,residential,2121653,10.19,287.33435,2820.58247
2008-12,AL,Alabama,TRA,transportation,0,0,0,0
2008-12,AK,Alaska,ALL,all sectors,316628,14.36,83.50233,581.55858
2008-12,AK,Alaska,COM,commercial,47104,13.58,34.98906,257.56879
2009-10,MN,Minnesota,ALL,all sectors,2579758,7.94,412.3598,5191.45869
2009-10,MN,Minnesota,COM,commercial,274624,7.75,142.65988,1841.96608
2009-10,MN,Minnesota,IND,industrial,8587,6.07,104.91462,1729.34294
2009-10,MN,Minnesota,OTH,other,,,,
2009-10,MN,Minnesota,RES,residential,2296546,10.17,164.6433,1618.33467
2009-10,MN,Minnesota,TRA,transportation,1,7.82,.142,1.815
2009-10,MS,Mississippi,ALL,all sectors,1474484,8.63,333.74002,3866.28497
2009-10,MS,Mississippi,COM,commercial,221951,9.37,105.76862,1128.2261
2009-10,MS,Mississippi,IND,industrial,6916,6.21,82.67519,1331.87303
2009-10,MS,Mississippi,OTH,other,,,,
2009-10,MS,Mississippi,RES,residential,1245617,10.33,145.2962,1406.18584
2009-10,MS,Mississippi,TRA,transportation,0,0,0,0
2009-10,MO,Missouri,ALL,all sectors,3064888,6.97,416.65012,5980.70392
2009-10,MO,Missouri,COM,commercial,369642,6.62,163.65161,2472.82592
2009-10,MO,Missouri,IND,industrial,8966,5.04,67.0359,1328.82801
2009-10,MO,Missouri,OTH,other,,,,
2009-10,MO,Missouri,RES,residential,2686279,8.54,185.8866,2177.54299
2009-10,MO,Missouri,TRA,transportation,1,5.04,.076,1.507
2009-10,MT,Montana,ALL,all sectors,572726,7.68,87.27401,1136.29887
2009-10,MT,Montana,COM,commercial,100570,8.5,34.11159,401.2176
2009-10,MT,Montana,IND,industrial,5618,5.5,21.25006,386.45393
2009-10,MT,Montana,OTH,other,,,,
2009-10,MT,Montana,RES,residential,466538,9.15,31.91236,348.62734
2009-10,MT,Montana,TRA,transportation,0,0,0,0
2009-10,NE,Nebraska,ALL,all sectors,986817,7.04,153.03453,2173.11432
2009-10,NE,Nebraska,COM,commercial,154450,7.23,54.26632,750.6961
2009-10,NE,Nebraska,IND,industrial,29652,5.58,44.00191,788.25785
2009-10,NE,Nebraska,OTH,other,,,,
2009-10,NE,Nebraska,RES,residential,802715,8.64,54.7663,634.16037
2009-10,NE,Nebraska,TRA,transportation,0,0,0,0
2009-10,NV,Nevada,ALL,all sectors,1212629,10.29,263.73315,2562.08954
2009-10,NV,Nevada,COM,commercial,154391,10.56,76.82906,727.28684
2009-10,NV,Nevada,IND,industrial,3771,7.96,87.65694,1100.85599
2009-10,NV,Nevada,OTH,other,,,,
2009-10,NV,Nevada,RES,residential,1054449,13.52,99.17708,733.29771
2009-10,NV,Nevada,TRA,transportation,18,10.8,.07008,.649
2009-10,NH,New Hampshire,ALL,all sectors,690011,14.81,124.58939,841.40098
2009-10,NH,New Hampshire,COM,commercial,93004,14.02,49.50712,353.07561
2009-10,NH,New Hampshire,IND,industrial,3183,13.08,20.54113,157.02564
2009-10,NH,New Hampshire,OTH,other,,,,
2009-10,NH,New Hampshire,RES,residential,593824,16.46,54.54114,331.29973
2009-10,NH,New Hampshire,TRA,transportation,0,0,0,0
2009-10,NJ,New Jersey,ALL,all sectors,3960826,13.7,781.79738,5706.24594
2009-10,NJ,New Jersey,COM,commercial,485746,13,402.52766,3095.52598
2009-10,NJ,New Jersey,IND,industrial,13478,11.67,81.11057,694.82384
2009-10,NJ,New Jersey,OTH,other,,,,
2009-10,NJ,New Jersey,RES,residential,3461596,15.62,295.44375,1891.20738
2009-10,NJ,New Jersey,TRA,transportation,6,11,2.7154,24.68874
2009-12,CT,Connecticut,IND,industrial,4934,14.31,41.18427,287.82693
2009-12,CT,Connecticut,OTH,other,,,,
2008-08,NH,New Hampshire,OTH,other,,,,
2008-08,NH,New Hampshire,RES,residential,597127,16.02,62.58479,390.71272
2008-08,NH,New Hampshire,TRA,transportation,0,0,0,0
2008-08,NJ,New Jersey,ALL,all sectors,3909838,16.42,1275.42172,7765.78258
2008-08,NJ,New Jersey,COM,commercial,468356,16.02,605.65138,3780.36577
2008-08,NJ,New Jersey,IND,industrial,13331,13.69,124.06556,906.33708
2008-08,NJ,New Jersey,OTH,other,,,,
2008-08,NJ,New Jersey,RES,residential,3428145,17.75,542.37901,3056.21178
2008-08,NJ,New Jersey,TRA,transportation,6,14.54,3.32578,22.86795
2008-08,NM,New Mexico,ALL,all sectors,983539,9.53,203.28355,2133.07202
2008-08,NM,New Mexico,COM,commercial,134656,9.64,83.48625,865.75764
2008-08,NM,New Mexico,IND,industrial,6538,7.63,47.4022,621.47564
2008-08,NM,New Mexico,OTH,other,,,,
2008-08,NM,New Mexico,RES,residential,842345,11.21,72.3951,645.83874
2008-08,NM,New Mexico,TRA,transportation,0,0,0,0
2008-09,ID,Idaho,IND,industrial,27395,5,42.199,844.64657
2008-09,ID,Idaho,OTH,other,,,,
2008-09,ID,Idaho,RES,residential,655938,7.3,37.72428,516.85139
2008-09,ID,Idaho,TRA,transportation,0,0,0,0
2008-09,IL,Illinois,ALL,all sectors,5674924,9.51,1111.55017,11692.18909
2008-09,IL,Illinois,COM,commercial,581128,9.52,412.49388,4333.59043
2008-09,IL,Illinois,IND,industrial,6014,7.64,296.456,3882.62765
2008-09,IL,Illinois,OTH,other,,,,
2008-09,IL,Illinois,RES,residential,5087778,11.63,398.8729,3430.71745
2008-09,IL,Illinois,TRA,transportation,4,8.24,3.7274,45.25357
2008-09,IN,Indiana,ALL,all sectors,3090550,7.42,649.98717,8754.515
2008-09,IN,Indiana,COM,commercial,341807,8.15,171.17653,2099.83083
2008-09,IN,Indiana,IND,industrial,18093,5.83,238.53726,4094.95203
2008-09,IN,Indiana,OTH,other,,,,
2008-09,IN,Indiana,RES,residential,2730649,9.39,240.13038,2558.34213
2008-09,IN,Indiana,TRA,transportation,1,10.29,.143,1.39
2008-09,IA,Iowa,ALL,all sectors,1544341,7.31,257.521,3523.78494
2008-09,IA,Iowa,COM,commercial,211909,7.73,77.76396,1005.39004
2008-09,IA,Iowa,IND,industrial,7066,5.19,81.17767,1565.24677
2008-09,IA,Iowa,OTH,other,,,,
2008-09,IA,Iowa,RES,residential,1325366,10.34,98.57937,953.14813
2008-09,IA,Iowa,TRA,transportation,0,0,0,0
2008-09,KS,Kansas,ALL,all sectors,1513701,7.61,251.40548,3304.81663
2008-09,KS,Kansas,COM,commercial,237516,7.65,100.1768,1310.33932
2008-09,KS,Kansas,IND,industrial,19972,5.84,56.82995,973.54579
2008-09,KS,Kansas,OTH,other,,,,
2008-09,KS,Kansas,RES,residential,1256213,9.25,94.39872,1020.93152
2008-09,KS,Kansas,TRA,transportation,0,0,0,0
2008-09,KY,Kentucky,ALL,all sectors,2234168,6.46,502.11043,7767.66526
2008-09,KY,Kentucky,COM,commercial,296206,7.58,130.60911,1722.10565
2008-09,KY,Kentucky,IND,industrial,6291,5.1,196.18319,3843.76657
2008-09,KY,Kentucky,OTH,other,,,,
2008-09,KY,Kentucky,RES,residential,1931671,7.96,175.31813,2201.79305
2008-09,KY,Kentucky,TRA,transportation,0,0,0,0
2008-09,LA,Louisiana,ALL,all sectors,2207762,10.46,749.96603,7168.84601
2008-09,LA,Louisiana,COM,commercial,266286,10.97,228.42695,2082.90945
2008-09,LA,Louisiana,IND,industrial,20106,9.06,211.67113,2336.68756
2008-09,LA,Louisiana,OTH,other,,,,
2008-09,LA,Louisiana,RES,residential,1921349,11.27,309.80698,2748.80271
2008-09,LA,Louisiana,TRA,transportation,21,13.66,.06096,.44629
2008-09,ME,Maine,ALL,all sectors,787167,13.58,134.51604,990.78737
2008-09,ME,Maine,COM,commercial,88091,13.18,45.48542,345.13349
2008-09,ME,Maine,IND,industrial,2832,11.03,34.85639,316.00679
2008-09,ME,Maine,OTH,other,,,,
2008-09,ME,Maine,RES,residential,696244,16.43,54.17424,329.64709
2008-09,ME,Maine,TRA,transportation,0,0,0,0
2008-09,MD,Maryland,ALL,all sectors,2429038,14.01,731.97178,5223.84679
2008-09,MD,Maryland,COM,commercial,241888,14.16,369.79416,2612.14548
2008-09,MD,Maryland,IND,industrial,8478,10.95,50.79045,463.71219
2008-09,MD,Maryland,OTH,other,,,,
2008-09,MD,Maryland,RES,residential,2178667,14.47,304.68275,2105.33766
2008-09,MD,Maryland,TRA,transportation,5,15.72,6.70442,42.65146
2008-09,MA,Massachusetts,ALL,all sectors,3042131,16.31,779.34034,4779.65565
2008-09,MA,Massachusetts,COM,commercial,382624,15.86,380.77217,2401.05998
2008-09,MA,Massachusetts,IND,industrial,13742,14.55,112.32639,772.0743
2008-09,MA,Massachusetts,OTH,other,,,,
2008-09,MA,Massachusetts,RES,residential,2645764,17.95,283.797,1581.23342
2008-09,MA,Massachusetts,TRA,transportation,1,9.67,2.44477,25.28794
2008-09,MI,Michigan,ALL,all sectors,4807025,9.01,799.54495,8877.61579
2008-09,MI,Michigan,COM,commercial,519437,9.24,311.53739,3370.43241
2008-09,MI,Michigan,IND,industrial,13489,6.97,200.6909,2878.25655
2008-09,MI,Michigan,OTH,other,,,,
2008-09,MI,Michigan,RES,residential,4274098,10.93,287.27867,2628.61785
2008-09,MI,Michigan,TRA,transportation,1,12.3,.03799,.30898
2008-09,MN,Minnesota,ALL,all sectors,2567197,7.89,431.75896,5474.7219
2008-09,MN,Minnesota,COM,commercial,272022,7.94,149.07153,1877.1601
2008-09,MN,Minnesota,IND,industrial,10866,6.06,123.78324,2041.99598
2008-09,MN,Minnesota,OTH,other,,,,
2008-09,MN,Minnesota,RES,residential,2284308,10.22,158.76219,1553.77082
2010-07,TN,Tennessee,OTH,other,,,,
2010-07,TN,Tennessee,RES,residential,2710814,9.59,457.72771,4771.42059
2010-07,TN,Tennessee,TRA,transportation,1,10.64,.02,.188
2010-07,TX,Texas,ALL,all sectors,11223380,9.53,3468.99267,36387.48928
2010-07,TX,Texas,COM,commercial,1476856,9.05,1077.49707,11910.08472
2010-07,TX,Texas,IND,industrial,132934,6.54,600.64216,9185.31594
2010-07,TX,Texas,OTH,other,,,,
2010-07,TX,Texas,RES,residential,9613587,11.71,1790.21494,15285.6072
2010-07,TX,Texas,TRA,transportation,3,9.85,.63851,6.48142
2010-07,UT,Utah,ALL,all sectors,1067731,7.73,223.31175,2889.63511
2010-07,UT,Utah,COM,commercial,122390,7.53,78.13673,1037.61775
2010-07,UT,Utah,IND,industrial,9531,5.66,44.6514,788.51948
2010-07,UT,Utah,OTH,other,,,,
2010-07,UT,Utah,RES,residential,935800,9.45,100.28832,1060.92441
2010-07,UT,Utah,TRA,transportation,10,9.14,.2353,2.57347
2010-07,VT,Vermont,ALL,all sectors,359100,13.16,67.37783,512.09555
2010-07,VT,Vermont,COM,commercial,50682,13.3,25.11893,188.86238
2010-07,VT,Vermont,IND,industrial,218,9.37,11.7086,125.00132
2010-07,VT,Vermont,OTH,other,,,,
2010-07,VT,Vermont,RES,residential,308200,15.41,30.5503,198.23185
2010-07,VT,Vermont,TRA,transportation,0,0,0,0
2010-07,VA,Virginia,ALL,all sectors,3738811,8.99,1020.44279,11352.42387
2010-07,VA,Virginia,COM,commercial,426595,7.69,356.4263,4633.12121
2010-07,VA,Virginia,IND,industrial,5820,6.89,110.93926,1609.32504
2010-07,VA,Virginia,OTH,other,,,,
2010-07,VA,Virginia,RES,residential,3306395,10.83,551.97653,5094.79962
2010-07,VA,Virginia,TRA,transportation,1,7.25,1.10071,15.178
2010-07,WA,Washington,ALL,all sectors,3212654,6.47,465.4452,7191.64681
2010-07,WA,Washington,COM,commercial,354094,7.32,172.53346,2357.6643
2010-07,WA,Washington,IND,industrial,33710,3.9,94.42289,2422.30034
2010-07,WA,Washington,OTH,other,,,,
2010-07,WA,Washington,RES,residential,2824844,8.23,198.44532,2411.07898
2010-07,WA,Washington,TRA,transportation,6,7.22,.04353,.60319
2010-07,WV,West Virginia,ALL,all sectors,1016232,7.54,211.21026,2800.16749
2010-07,WV,West Virginia,COM,commercial,137469,7.52,55.76949,741.60145
2010-07,WV,West Virginia,IND,industrial,12374,6,58.40306,973.40275
2010-07,WV,West Virginia,OTH,other,,,,
2010-10,WNC,West North Central,RES,residential,9039240,10,640.88054,6406.60092
2010-10,WNC,West North Central,TRA,transportation,2,7.01,.228,3.254
2010-10,SAT,South Atlantic,ALL,all sectors,29463782,9.55,5843.36734,61155.64147
2010-10,SAT,South Atlantic,COM,commercial,3545920,9.33,2318.83812,24865.33387
2010-10,SAT,South Atlantic,IND,industrial,77211,6.51,753.41486,11572.69464
2010-10,SAT,South Atlantic,OTH,other,,,,
2010-10,SAT,South Atlantic,RES,residential,25840609,11.22,2762.25351,24615.66333
2010-10,SAT,South Atlantic,TRA,transportation,42,8.69,8.86085,101.94964
2010-10,ESC,East South Central,ALL,all sectors,9403907,8.49,2131.46261,25105.21787
2010-10,ESC,East South Central,COM,commercial,1342498,9.92,662.32405,6673.8879
2010-10,ESC,East South Central,IND,industrial,22679,6.05,630.3784,10427.92813
2010-10,ESC,East South Central,OTH,other,,,,
2010-10,ESC,East South Central,RES,residential,8038729,10.48,838.74516,8003.30084
2010-10,ESC,East South Central,TRA,transportation,1,14.85,.015,.101
2010-10,WSC,West South Central,ALL,all sectors,16985899,8.67,3777.44332,43588.27571
2010-10,WSC,West South Central,COM,commercial,2178290,8.74,1312.73199,15018.84977
2010-10,WSC,West South Central,IND,industrial,197947,6.15,835.28291,13589.03944
2010-10,WSC,West South Central,OTH,other,,,,
2010-10,ND,North Dakota,TRA,transportation,0,0,0,0
2010-10,OH,Ohio,ALL,all sectors,5497084,9.12,1049.90073,11515.98286
2010-10,OH,Ohio,COM,commercial,613045,9.99,368.82226,3692.24807
2010-10,OH,Ohio,IND,industrial,20628,6.64,298.02299,4490.74606
2010-10,OH,Ohio,OTH,other,,,,
2010-10,OH,Ohio,RES,residential,4863408,11.49,382.88163,3330.98041
2010-10,OH,Ohio,TRA,transportation,3,8.66,.17385,2.00832
2010-10,OK,Oklahoma,ALL,all sectors,1949808,7.74,322.75002,4168.8725
2010-10,OK,Oklahoma,COM,commercial,263211,7.58,115.50915,1524.51928
2010-10,OK,Oklahoma,IND,industrial,18346,5.36,66.43347,1238.55223
2010-10,OK,Oklahoma,OTH,other,,,,
2010-10,OK,Oklahoma,RES,residential,1668251,10.02,140.8074,1405.80099
2010-10,OK,Oklahoma,TRA,transportation,0,0,0,0
2010-10,OR,Oregon,ALL,all sectors,1891525,7.62,275.02828,3607.74035
2010-11,HI,Hawaii,IND,industrial,684,22.58,68.9972,305.54598
2010-11,HI,Hawaii,OTH,other,,,,
2010-11,HI,Hawaii,RES,residential,415801,28.91,71.30214,246.63161
2010-11,HI,Hawaii,TRA,transportation,0,0,0,0
2010-11,ID,Idaho,ALL,all sectors,793796,6.45,113.88203,1766.45531
2010-11,ID,Idaho,COM,commercial,101747,6.45,31.87244,494.28137
2010-11,ID,Idaho,IND,industrial,25458,4.53,24.5489,542.18984
2010-11,ID,Idaho,OTH,other,,,,
2010-11,ID,Idaho,RES,residential,666591,7.87,57.4607,729.98411
2010-11,ID,Idaho,TRA,transportation,0,0,0,0
2010-11,IL,Illinois,ALL,all sectors,5648178,8.97,947.49067,10567.64066
2010-11,IL,Illinois,COM,commercial,579530,8.73,343.26324,3933.17171
2010-11,IL,Illinois,IND,industrial,6029,6.6,230.39456,3492.67549
2010-11,IL,Illinois,OTH,other,,,,
2010-11,IL,Illinois,RES,residential,5062616,11.98,371.07616,3098.57206
2010-11,IL,Illinois,TRA,transportation,3,6.38,2.75671,43.2214
2010-11,IN,Indiana,ALL,all sectors,3101097,8.11,643.25313,7935.80891
2010-11,IN,Indiana,COM,commercial,342000,9.15,164.29435,1795.67895
2010-11,IN,Indiana,IND,industrial,18787,6.26,238.21951,3803.21298
2010-11,IN,Indiana,OTH,other,,,,
2010-11,IN,Indiana,RES,residential,2740309,10.3,240.57218,2335.17007
2010-11,IN,Indiana,TRA,transportation,1,9.57,.16709,1.74691
2010-11,IA,Iowa,ALL,all sectors,1552549,7.1,254.58523,3584.24368
2010-11,IA,Iowa,COM,commercial,218132,7.53,70.41299,935.02305
2010-11,IA,Iowa,IND,industrial,5974,4.88,80.3077,1644.61936
2010-11,IA,Iowa,OTH,other,,,,
2010-12,AZ,Arizona,TRA,transportation,0,0,0,0
2010-12,AR,Arkansas,ALL,all sectors,1531599,6.89,259.44418,3764.77115
2010-12,AR,Arkansas,COM,commercial,179546,7.02,63.04221,897.47636
2010-12,AR,Arkansas,IND,industrial,30721,5.23,70.14236,1341.55704
2010-12,AR,Arkansas,OTH,other,,,,
2010-12,AR,Arkansas,RES,residential,1321330,8.28,126.2556,1525.70159
2010-12,AR,Arkansas,TRA,transportation,2,11.08,.00401,.03616
2010-12,CA,California,ALL,all sectors,15396947,12.17,2714.2528,22299.20337
2010-12,CA,California,COM,commercial,1889365,11.47,1159.86238,10109.24847
2010-12,CA,California,IND,industrial,74200,8.59,356.82199,4153.63052
2010-07,WV,West Virginia,RES,residential,866388,8.94,97.01145,1084.82891
2010-07,WV,West Virginia,TRA,transportation,1,7.85,.02626,.33438
2010-07,WI,Wisconsin,ALL,all sectors,2942149,10.18,674.50473,6628.63579
2010-07,WI,Wisconsin,COM,commercial,339036,10.35,220.43006,2129.10446
2010-07,WI,Wisconsin,IND,industrial,5436,7.12,154.26256,2166.95034
2010-07,WI,Wisconsin,OTH,other,,,,
2010-07,WI,Wisconsin,RES,residential,2597677,12.85,299.81212,2332.58099
2010-07,WI,Wisconsin,TRA,transportation,0,0,0,0
2010-07,WY,Wyoming,ALL,all sectors,327305,6.27,82.56165,1316.37231
2010-07,WY,Wyoming,COM,commercial,59959,7.6,25.65283,337.63201
2010-07,WY,Wyoming,IND,industrial,9462,4.91,38.40826,782.67076
2010-07,WY,Wyoming,OTH,other,,,,
2010-07,WY,Wyoming,RES,residential,257884,9.44,18.50057,196.06954
2010-07,WY,Wyoming,TRA,transportation,0,0,0,0
2010-10,WSC,West South Central,RES,residential,14609635,10.88,1628.70782,14973.06296
2010-10,WSC,West South Central,TRA,transportation,27,9.84,.72059,7.32354
2010-12,HI,Hawaii,RES,residential,416149,29.15,74.75025,256.45391
2010-12,HI,Hawaii,TRA,transportation,0,0,0,0
2010-12,ID,Idaho,ALL,all sectors,794845,6.49,130.60997,2012.35666
2010-12,ID,Idaho,COM,commercial,101812,6.29,32.66356,518.91931
2010-12,ID,Idaho,IND,industrial,25537,4.53,25.18706,555.95624
2010-12,ID,Idaho,OTH,other,,,,
2010-12,ID,Idaho,RES,residential,667496,7.76,72.75935,937.48111
2010-12,ID,Idaho,TRA,transportation,0,0,0,0
2010-10,NE,Nebraska,COM,commercial,154126,7.63,59.22267,776.31791
2010-10,NE,Nebraska,IND,industrial,32461,5.87,47.70788,812.23684
2010-10,NE,Nebraska,OTH,other,,,,
2010-10,NE,Nebraska,RES,residential,802102,9.1,51.79073,569.41963
2010-10,NE,Nebraska,TRA,transportation,0,0,0,0
2010-10,NV,Nevada,ALL,all sectors,1218921,9.21,246.37077,2675.12067
2010-10,NV,Nevada,COM,commercial,154427,9.43,72.04134,764.27499
2010-10,NV,Nevada,IND,industrial,3589,6.94,77.23583,1113.4428
2010-10,NV,Nevada,OTH,other,,,,
2010-10,NV,Nevada,RES,residential,1060887,12.18,97.02961,796.68189
2010-10,NV,Nevada,TRA,transportation,18,8.88,.064,.721
2010-10,NH,New Hampshire,ALL,all sectors,707757,15.14,129.68498,856.84298
2010-10,NH,New Hampshire,COM,commercial,104696,14.45,52.68421,364.64759
2010-10,NH,New Hampshire,IND,industrial,3487,12.84,21.19303,165.03507
2010-10,NH,New Hampshire,OTH,other,,,,
2010-10,NH,New Hampshire,RES,residential,599574,17.06,55.80775,327.16032
2010-10,NH,New Hampshire,TRA,transportation,0,0,0,0
2010-10,NJ,New Jersey,ALL,all sectors,3944848,13.97,811.88322,5810.20757
2010-10,NJ,New Jersey,COM,commercial,479656,13.33,417.65319,3133.63033
2010-10,NJ,New Jersey,IND,industrial,12921,10.76,80.4326,747.45477
2010-10,NJ,New Jersey,OTH,other,,,,
2010-10,NJ,New Jersey,RES,residential,3452265,16.34,311.32937,1905.15251
2010-10,NJ,New Jersey,TRA,transportation,6,10.3,2.46805,23.96997
2010-10,NM,New Mexico,ALL,all sectors,997776,8.26,151.49169,1834.41957
2010-10,NM,New Mexico,COM,commercial,135812,8.51,65.1807,765.80517
2010-10,NM,New Mexico,IND,industrial,7388,5.96,34.76188,583.53867
2010-10,NM,New Mexico,OTH,other,,,,
2010-10,NM,New Mexico,RES,residential,854576,10.63,51.54911,485.07573
2010-10,NM,New Mexico,TRA,transportation,0,0,0,0
2010-10,NY,New York,ALL,all sectors,8014054,16.14,1815.12392,11244.35243
2010-10,NY,New York,COM,commercial,1037371,16.22,998.66478,6155.3859
2010-10,NY,New York,IND,industrial,8359,8.71,97.3276,1117.01476
2010-10,NY,New York,OTH,other,,,,
2010-10,NY,New York,RES,residential,6968302,18.36,685.78357,3734.31173
2010-10,NY,New York,TRA,transportation,22,14.03,33.34797,237.64003
2010-10,NC,North Carolina,ALL,all sectors,4862456,8.64,843.33346,9760.08113
2010-10,NC,North Carolina,COM,commercial,647300,8.12,313.67181,3861.46638
2010-10,NC,North Carolina,IND,industrial,10946,6.15,134.13535,2181.86732
2010-10,NC,North Carolina,OTH,other,,,,
2010-10,NC,North Carolina,RES,residential,4204202,10.64,395.48899,3716.20684
2010-10,NC,North Carolina,TRA,transportation,8,6.9,.0373,.5406
2010-10,ND,North Dakota,ALL,all sectors,389703,7.33,71.74596,979.19723
2010-10,ND,North Dakota,COM,commercial,59021,7.43,27.71385,372.79411
2010-10,ND,North Dakota,IND,industrial,2628,5.84,19.45336,332.90355
2010-10,ND,North Dakota,OTH,other,,,,
2010-10,ND,North Dakota,RES,residential,328054,8.99,24.57875,273.49958
2008-10,AK,Alaska,COM,commercial,47353,13.95,32.43679,232.51983
2008-10,AK,Alaska,IND,industrial,1230,13.14,15.44417,117.57281
2008-10,AK,Alaska,OTH,other,,,,
2008-10,AK,Alaska,RES,residential,270742,16.64,27.82361,167.16525
2008-10,AK,Alaska,TRA,transportation,0,0,0,0
2008-10,AZ,Arizona,ALL,all sectors,2833384,9.19,579.27514,6301.7958
2008-10,AZ,Arizona,COM,commercial,300392,9.02,233.64437,2590.6324
2008-10,AZ,Arizona,IND,industrial,7303,6.63,73.44986,1108.19753
2008-10,AZ,Arizona,OTH,other,,,,
2008-10,AZ,Arizona,RES,residential,2525689,10.46,272.18091,2602.96587
2008-10,AZ,Arizona,TRA,transportation,0,0,0,0
2008-10,AR,Arkansas,ALL,all sectors,1522761,7.66,269.37809,3517.59791
2008-10,AR,Arkansas,COM,commercial,176913,7.75,76.29716,984.93723
2008-10,AR,Arkansas,IND,industrial,34421,5.83,79.83656,1370.43906
2008-10,AR,Arkansas,OTH,other,,,,
2008-10,AR,Arkansas,RES,residential,1311425,9.74,113.24029,1162.18876
2008-11,AL,Alabama,ALL,all sectors,2496033,9.27,585.31735,6312.27553
2008-11,AL,Alabama,COM,commercial,371840,10.63,177.30631,1668.44842
2008-11,AL,Alabama,IND,industrial,9346,7.01,181.08965,2582.55211
2008-11,AL,Alabama,OTH,other,,,,
2008-11,AL,Alabama,RES,residential,2114847,11.01,226.92139,2061.275
2008-11,AL,Alabama,TRA,transportation,0,0,0,0
2008-11,AK,Alaska,ALL,all sectors,317374,14.6,79.96639,547.75214
2008-11,AK,Alaska,COM,commercial,47191,13.82,33.7603,244.2492
2010-11,NE,Nebraska,IND,industrial,30797,5.38,45.60808,848.5054
2010-11,NE,Nebraska,OTH,other,,,,
2010-11,NE,Nebraska,RES,residential,801794,8.87,57.62594,649.88887
2010-11,NE,Nebraska,TRA,transportation,0,0,0,0
2010-11,NV,Nevada,ALL,all sectors,1217212,8.21,197.28706,2403.19956
2010-12,DE,Delaware,ALL,all sectors,448076,11.92,112.63721,945.04491
2010-12,DE,Delaware,COM,commercial,49901,11.19,38.9517,347.99448
2010-12,DE,Delaware,IND,industrial,1214,9.72,19.32857,198.84412
2010-12,DE,Delaware,OTH,other,,,,
2010-12,DE,Delaware,RES,residential,396961,13.65,54.35694,398.20631
2010-12,DE,Delaware,TRA,transportation,0,0,0,0
2010-12,DC,District of Columbia,ALL,all sectors,255708,13.24,134.59021,1016.19559
2010-12,DC,District of Columbia,COM,commercial,26465,13.33,102.35574,767.68935
2010-12,DC,District of Columbia,IND,industrial,1,9.18,1.95407,21.28668
2010-12,DC,District of Columbia,OTH,other,,,,
2010-12,DC,District of Columbia,RES,residential,229241,13.48,26.86968,199.32939
2010-12,DC,District of Columbia,TRA,transportation,1,12.23,3.41071,27.89017
2010-12,FL,Florida,ALL,all sectors,9738874,10.84,1947.43545,17964.23883
2010-12,FL,Florida,COM,commercial,1130241,10.07,717.734,7129.01955
2010-12,FL,Florida,IND,industrial,18148,9.15,129.89922,1419.81022
2010-12,FL,Florida,OTH,other,,,,
2010-12,FL,Florida,RES,residential,8590460,11.68,1099.1567,9408.30184
2010-12,FL,Florida,TRA,transportation,25,9.08,.64554,7.10722
2010-12,GA,Georgia,ALL,all sectors,4610586,8.63,1010.87788,11707.84553
2010-12,GA,Georgia,COM,commercial,547403,9.12,353.30832,3875.47973
2010-12,GA,Georgia,IND,industrial,15854,6.46,159.68313,2470.0783
2010-12,GA,Georgia,OTH,other,,,,
2010-12,GA,Georgia,RES,residential,4047328,9.29,496.79948,5348.24724
2010-12,GA,Georgia,TRA,transportation,1,7.74,1.08695,14.04027
2010-12,HI,Hawaii,ALL,all sectors,477374,26.02,218.4553,839.58013
2010-12,HI,Hawaii,COM,commercial,60550,26.91,74.97727,278.5829
2010-12,HI,Hawaii,IND,industrial,675,22.57,68.72778,304.54332
2010-12,HI,Hawaii,OTH,other,,,,
2010-04,MI,Michigan,TRA,transportation,1,10.69,.04191,.392
2010-04,MN,Minnesota,ALL,all sectors,2582791,7.99,399.83819,5006.96919
2010-05,IA,Iowa,IND,industrial,6031,5.2,84.18843,1620.36417
2010-05,IA,Iowa,OTH,other,,,,
2010-05,IA,Iowa,RES,residential,1326529,11.11,107.90555,971.57961
2010-05,IA,Iowa,TRA,transportation,0,0,0,0
2010-05,KS,Kansas,ALL,all sectors,1458067,8.21,249.42023,3038.55314
2010-05,KS,Kansas,COM,commercial,218527,8.27,100.3828,1213.35843
2010-05,KS,Kansas,IND,industrial,23048,6.14,58.44851,952.33781
2010-05,KS,Kansas,OTH,other,,,,
2010-05,KS,Kansas,RES,residential,1216492,10.38,90.58893,872.85691
2010-05,KS,Kansas,TRA,transportation,0,0,0,0
2010-05,KY,Kentucky,ALL,all sectors,2231551,6.5,475.42757,7312.96336
2010-05,KY,Kentucky,COM,commercial,296615,7.75,122.51895,1580.44755
2010-05,KY,Kentucky,IND,industrial,7221,4.99,198.18079,3967.85491
2010-05,KY,Kentucky,OTH,other,,,,
2008-03,CT,Connecticut,COM,commercial,156663,15.56,185.96654,1195.09379
2008-03,CT,Connecticut,IND,industrial,5354,13.73,53.29986,388.14313
2008-03,CT,Connecticut,OTH,other,,,,
2008-03,CT,Connecticut,RES,residential,1453327,18.63,212.34865,1140.03633
2008-03,CT,Connecticut,TRA,transportation,5,12.75,2.12487,16.66196
2008-03,DE,Delaware,ALL,all sectors,441248,11.63,111.44738,958.37515
2008-03,DE,Delaware,COM,commercial,48824,11.41,39.82642,349.15989
2008-03,DE,Delaware,IND,industrial,618,9.82,23.00974,234.24723
2008-03,DE,Delaware,OTH,other,,,,
2008-03,DE,Delaware,RES,residential,391806,12.96,48.61122,374.96803
2008-03,DE,Delaware,TRA,transportation,0,0,0,0
2008-03,DC,District of Columbia,ALL,all sectors,242296,12.52,107.82442,861.09263
2008-03,DC,District of Columbia,COM,commercial,26678,12.91,86.37108,668.84533
2008-03,DC,District of Columbia,IND,industrial,1,10.81,2.5835,23.8943
2008-03,DC,District of Columbia,OTH,other,,,,
2008-03,DC,District of Columbia,RES,residential,215616,11.08,16.01696,144.57806
2008-03,DC,District of Columbia,TRA,transportation,1,12,2.85289,23.77493
2008-03,FL,Florida,ALL,all sectors,9588438,10.26,1657.83275,16164.17178
2008-03,FL,Florida,COM,commercial,1122989,9.83,683.41365,6953.37865
2008-03,FL,Florida,IND,industrial,23142,7.68,117.45185,1529.84738
2008-03,FL,Florida,OTH,other,,,,
2008-03,FL,Florida,RES,residential,8442282,11.16,856.29506,7674.27325
2008-03,FL,Florida,TRA,transportation,25,10.07,.67219,6.6725
2008-03,GA,Georgia,ALL,all sectors,4585904,8.13,819.37467,10079.34097
2008-03,GA,Georgia,COM,commercial,541679,8.72,304.83462,3495.59426
2008-03,GA,Georgia,IND,industrial,15779,5.97,163.36264,2737.33956
2008-03,GA,Georgia,OTH,other,,,,
2008-03,GA,Georgia,RES,residential,4028445,9.14,350.23298,3831.95517
2008-03,GA,Georgia,TRA,transportation,1,6.54,.94443,14.45199
2008-03,HI,Hawaii,ALL,all sectors,472051,26.92,234.14331,869.77098
2008-03,HI,Hawaii,COM,commercial,61840,27.57,80.83614,293.25162
2008-03,HI,Hawaii,IND,industrial,677,23.87,75.78454,317.45622
2008-03,HI,Hawaii,OTH,other,,,,
2008-03,HI,Hawaii,RES,residential,409534,29.92,77.52263,259.06314
2008-03,HI,Hawaii,TRA,transportation,0,0,0,0
2008-03,ID,Idaho,ALL,all sectors,777431,5.43,98.88004,1821.26428
2008-03,ID,Idaho,COM,commercial,98216,5.4,26.61884,493.06204
2008-03,ID,Idaho,IND,industrial,26583,3.83,22.00742,574.7561
2008-03,ID,Idaho,OTH,other,,,,
2008-03,ID,Idaho,RES,residential,652632,6.67,50.25379,753.44614
2008-03,ID,Idaho,TRA,transportation,0,0,0,0
2008-03,IL,Illinois,ALL,all sectors,5721430,8.77,1015.10258,11570.64107
2008-03,IL,Illinois,COM,commercial,589905,8.84,362.236,4097.5969
2008-03,IL,Illinois,IND,industrial,6022,7.2,277.43814,3852.98734
2008-03,IL,Illinois,OTH,other,,,,
2008-03,IL,Illinois,RES,residential,5125499,10.43,371.78095,3563.22332
2008-03,IL,Illinois,TRA,transportation,4,6.42,3.6475,56.83351
2008-03,IN,Indiana,ALL,all sectors,3096792,6.33,570.94443,9023.95305
2008-03,IN,Indiana,COM,commercial,340456,7.2,139.78426,1942.58835
2008-03,IN,Indiana,IND,industrial,18077,4.8,199.12206,4149.26834
2008-03,IN,Indiana,OTH,other,,,,
2008-03,IN,Indiana,RES,residential,2738258,7.91,231.8711,2930.27635
2008-03,IN,Indiana,TRA,transportation,1,9.18,.167,1.82
2008-03,IA,Iowa,ALL,all sectors,1545461,6.52,249.97835,3831.80443
2008-03,IA,Iowa,COM,commercial,211188,6.76,67.97785,1004.96321
2008-03,IA,Iowa,IND,industrial,7032,4.51,71.37451,1581.33092
2008-03,IA,Iowa,OTH,other,,,,
2008-03,IA,Iowa,RES,residential,1327241,8.88,110.62599,1245.5103
2008-03,IA,Iowa,TRA,transportation,0,0,0,0
2008-03,KS,Kansas,ALL,all sectors,1507209,7.07,212.8444,3012.50852
2008-03,KS,Kansas,COM,commercial,235282,7.22,84.28879,1167.48909
2008-03,KS,Kansas,IND,industrial,19368,5.35,47.7807,892.8242
2008-03,KS,Kansas,OTH,other,,,,
2008-03,KS,Kansas,RES,residential,1252559,8.48,80.77492,952.19522
2008-03,KS,Kansas,TRA,transportation,0,0,0,0
2008-03,KY,Kentucky,ALL,all sectors,2229890,5.87,472.49704,8043.02147
2008-03,KY,Kentucky,COM,commercial,295879,6.87,105.06626,1530.08397
2008-03,KY,Kentucky,IND,industrial,6323,4.68,194.21688,4151.72219
2008-03,KY,Kentucky,OTH,other,,,,
2008-03,KY,Kentucky,RES,residential,1927688,7.34,173.2139,2361.21531
2008-03,KY,Kentucky,TRA,transportation,0,0,0,0
2008-03,LA,Louisiana,ALL,all sectors,2197717,8.66,488.49643,5640.61773
2008-03,LA,Louisiana,COM,commercial,263571,9.59,160.16668,1670.53134
2008-03,LA,Louisiana,IND,industrial,20567,7.19,148.35561,2063.70235
2008-03,LA,Louisiana,OTH,other,,,,
2008-03,LA,Louisiana,RES,residential,1913554,9.44,179.93376,1906.04738
2008-03,LA,Louisiana,TRA,transportation,25,11.99,.04038,.33666
2008-03,ME,Maine,ALL,all sectors,784993,13.96,138.09161,989.42471
2008-03,ME,Maine,COM,commercial,87370,12.83,43.88427,342.05132
2008-03,ME,Maine,IND,industrial,2816,11.87,31.17321,262.51473
2008-03,ME,Maine,OTH,other,,,,
2008-03,ME,Maine,RES,residential,694807,16.38,63.03413,384.85866
2008-03,ME,Maine,TRA,transportation,0,0,0,0
2008-03,MD,Maryland,ALL,all sectors,2428552,12.11,620.24656,5123.61955
2008-03,MD,Maryland,COM,commercial,240545,11.77,268.00209,2276.39605
2008-03,MD,Maryland,IND,industrial,8990,10.06,47.33931,470.56669
2008-03,MD,Maryland,OTH,other,,,,
2008-03,MD,Maryland,RES,residential,2179012,12.88,300.39333,2332.49468
2008-03,MD,Maryland,TRA,transportation,5,10.22,4.51182,44.16213
2008-03,MA,Massachusetts,ALL,all sectors,3053087,15.64,717.06518,4584.60772
2009-10,IL,Illinois,IND,industrial,5835,6.92,242.38312,3502.41955
2009-10,IL,Illinois,OTH,other,,,,
2009-10,IL,Illinois,RES,residential,5053930,11.42,352.43501,3087.17874
2009-10,IL,Illinois,TRA,transportation,4,8.09,3.08711,38.16466
2009-10,IN,Indiana,ALL,all sectors,3091717,7.36,582.09589,7908.44039
2009-10,IN,Indiana,COM,commercial,341471,8.11,154.35485,1902.41655
2009-10,IN,Indiana,IND,industrial,18227,5.62,215.09641,3824.58158
2009-10,IN,Indiana,OTH,other,,,,
2009-10,IN,Indiana,RES,residential,2732018,9.75,212.50776,2180.12233
2009-10,IN,Indiana,TRA,transportation,1,10.37,.13686,1.31993
2009-10,IA,Iowa,ALL,all sectors,1549459,7.02,234.4429,3340.90209
2009-10,IA,Iowa,COM,commercial,216431,7.19,63.71457,886.25603
2009-10,IA,Iowa,IND,industrial,6128,5.07,76.08223,1500.1967
2009-10,IA,Iowa,OTH,other,,,,
2009-10,IA,Iowa,RES,residential,1326900,9.92,94.6461,954.44936
2009-10,IA,Iowa,TRA,transportation,0,0,0,0
2009-10,KS,Kansas,ALL,all sectors,1449040,7.94,228.20246,2874.53774
2009-10,KS,Kansas,COM,commercial,218021,7.96,95.95527,1205.6356
2009-10,KS,Kansas,IND,industrial,22844,6.05,50.32597,831.59714
2009-10,KS,Kansas,OTH,other,,,,
2009-10,KS,Kansas,RES,residential,1208175,9.78,81.92122,837.305
2009-10,KS,Kansas,TRA,transportation,0,0,0,0
2009-10,KY,Kentucky,ALL,all sectors,2229051,6.07,458.92306,7555.54882
2009-10,KY,Kentucky,COM,commercial,294464,7.36,110.24317,1498.01271
2009-10,KY,Kentucky,IND,industrial,7103,4.67,202.12162,4329.71791
2009-10,KY,Kentucky,OTH,other,,,,
2009-10,KY,Kentucky,RES,residential,1927484,8.48,146.55827,1727.8182
2009-10,KY,Kentucky,TRA,transportation,0,0,0,0
2009-10,LA,Louisiana,ALL,all sectors,2241634,6.68,458.8965,6870.21749
2009-10,LA,Louisiana,COM,commercial,269753,7.32,152.18057,2079.58165
2009-10,LA,Louisiana,IND,industrial,18417,4.71,107.74374,2288.91162
2009-10,LA,Louisiana,OTH,other,,,,
2009-10,LA,Louisiana,RES,residential,1953440,7.95,198.8811,2500.83959
2009-10,LA,Louisiana,TRA,transportation,24,10.3,.09109,.88462
2009-10,ME,Maine,ALL,all sectors,787913,12.55,124.42473,991.32735
2009-10,ME,Maine,COM,commercial,88034,11.87,42.03615,354.24055
2009-10,ME,Maine,IND,industrial,2866,9.65,27.436,284.17192
2009-10,ME,Maine,OTH,other,,,,
2009-10,ME,Maine,RES,residential,697013,15.57,54.95257,352.91489
2009-10,ME,Maine,TRA,transportation,0,0,0,0
2009-10,MD,Maryland,ALL,all sectors,2441079,12.77,587.36481,4598.4645
2009-10,MD,Maryland,COM,commercial,243116,11.78,269.53387,2287.16485
2009-10,MD,Maryland,IND,industrial,8781,9.61,43.52309,453.07496
2009-10,MD,Maryland,OTH,other,,,,
2009-10,MD,Maryland,RES,residential,2189177,14.86,270.00384,1816.44288
2009-10,MD,Maryland,TRA,transportation,5,10.3,4.30401,41.78182
2009-10,MA,Massachusetts,ALL,all sectors,3081338,15,657.11348,4379.69807
2009-10,MA,Massachusetts,COM,commercial,380835,15.16,223.37191,1473.87446
2009-10,MA,Massachusetts,IND,industrial,16176,13.91,199.38653,1433.42138
2009-10,MA,Massachusetts,OTH,other,,,,
2009-10,MA,Massachusetts,RES,residential,2684326,16.11,232.81373,1445.34576
2009-10,MA,Massachusetts,TRA,transportation,1,5.7,1.54132,27.05648
2009-10,MI,Michigan,ALL,all sectors,4796336,9.32,753.41243,8086.39553
2009-10,MI,Michigan,COM,commercial,523089,9.01,285.31864,3167.09803
2009-10,MI,Michigan,IND,industrial,12791,6.81,170.44098,2503.59949
2009-10,MI,Michigan,OTH,other,,,,
2009-10,MI,Michigan,RES,residential,4260455,12.32,297.61081,2415.29601
2009-10,MI,Michigan,TRA,transportation,1,10.45,.042,.402
2009-11,CO,Colorado,COM,commercial,348868,8.76,141.92395,1620.45585
2009-11,CO,Colorado,IND,industrial,14725,6.45,67.9619,1053.9846
2009-11,CO,Colorado,OTH,other,,,,
2009-11,CO,Colorado,RES,residential,2115947,10.39,142.32253,1369.80945
2009-11,CO,Colorado,TRA,transportation,1,8.88,.325,3.658
2009-11,CT,Connecticut,ALL,all sectors,1600007,17.95,389.71751,2171.22838
2009-11,CT,Connecticut,COM,commercial,147457,16.7,165.96615,993.83946
2009-11,CT,Connecticut,IND,industrial,4860,14.79,42.15953,285.14573
2009-11,CT,Connecticut,OTH,other,,,,
2009-11,CT,Connecticut,RES,residential,1447688,20.48,180.0051,878.94318
2009-11,CT,Connecticut,TRA,transportation,2,11.93,1.58673,13.30001
2009-11,DE,Delaware,ALL,all sectors,444198,12.02,97.4581,810.86784
2009-11,DE,Delaware,COM,commercial,49140,11.96,36.75896,307.33154
2009-11,DE,Delaware,IND,industrial,1226,9.17,21.15286,230.73437
2009-11,DE,Delaware,OTH,other,,,,
2009-11,DE,Delaware,RES,residential,393832,14.5,39.54628,272.80192
2009-11,DE,Delaware,TRA,transportation,0,0,0,0
2009-11,DC,District of Columbia,ALL,all sectors,251280,12.91,108.18914,838.15801
2009-11,DC,District of Columbia,COM,commercial,26290,13.04,87.38644,670.21318
2009-11,DC,District of Columbia,IND,industrial,1,7.37,1.35584,18.39665
2009-11,DC,District of Columbia,OTH,other,,,,
2009-11,DC,District of Columbia,RES,residential,224988,12.99,16.3695,125.96943
2009-11,DC,District of Columbia,TRA,transportation,1,13.05,3.07736,23.57876
2009-11,FL,Florida,ALL,all sectors,9812358,11.52,2019.70892,17536.98059
2009-11,FL,Florida,COM,commercial,1136966,10.85,819.21651,7547.59419
2009-11,FL,Florida,IND,industrial,19726,9.15,128.18804,1401.2909
2009-11,FL,Florida,OTH,other,,,,
2009-11,FL,Florida,RES,residential,8655641,12.49,1071.57163,8581.39218
2009-11,FL,Florida,TRA,transportation,25,10.93,.73273,6.70332
2009-11,GA,Georgia,ALL,all sectors,4623200,8.29,764.45445,9226.15402
2009-11,GA,Georgia,COM,commercial,545079,8.87,304.47047,3433.58354
2009-11,GA,Georgia,IND,industrial,15468,5.59,137.37794,2456.29735
2009-11,GA,Georgia,OTH,other,,,,
2009-11,GA,Georgia,RES,residential,4062652,9.68,321.78738,3323.43336
2009-11,GA,Georgia,TRA,transportation,1,6.38,.81866,12.83977
2009-11,HI,Hawaii,ALL,all sectors,474472,23.24,196.77144,846.8021
2009-11,HI,Hawaii,COM,commercial,60493,23.92,67.25176,281.12694
2009-11,HI,Hawaii,IND,industrial,683,20.15,62.50925,310.17625
2009-11,HI,Hawaii,OTH,other,,,,
2009-11,HI,Hawaii,RES,residential,413296,26.23,67.01044,255.49891
2009-11,HI,Hawaii,TRA,transportation,0,0,0,0
2009-11,ID,Idaho,ALL,all sectors,787662,6.52,115.93775,1779.50644
2009-11,ID,Idaho,COM,commercial,100446,6.67,32.19667,482.48259
2009-11,ID,Idaho,IND,industrial,25952,4.53,24.95932,550.42326
2009-11,ID,Idaho,OTH,other,,,,
2009-11,ID,Idaho,RES,residential,661264,7.87,58.78176,746.60058
2009-11,ID,Idaho,TRA,transportation,0,0,0,0
2009-11,IL,Illinois,ALL,all sectors,5658402,8.85,922.13857,10421.96674
2009-11,IL,Illinois,COM,commercial,577984,8.71,336.07013,3857.72298
2009-11,IL,Illinois,IND,industrial,5852,6.81,225.0254,3304.44068
2009-11,IL,Illinois,OTH,other,,,,
2009-11,IL,Illinois,RES,residential,5074562,11.11,358.04713,3221.55699
2009-11,IL,Illinois,TRA,transportation,4,7.83,2.99591,38.24609
2009-11,IN,Indiana,ALL,all sectors,3091990,7.29,566.82547,7780.5836
2009-11,IN,Indiana,COM,commercial,341351,8.01,145.6147,1817.12308
2009-11,IN,Indiana,IND,industrial,18193,5.64,205.49789,3645.47164
2009-11,IN,Indiana,OTH,other,,,,
2009-11,IN,Indiana,RES,residential,2732445,9.31,215.56903,2316.45196
2009-11,IN,Indiana,TRA,transportation,1,9.36,.14385,1.53692
2009-11,IA,Iowa,ALL,all sectors,1545878,6.84,240.5363,3516.25474
2009-11,IA,Iowa,COM,commercial,216140,7.15,67.5882,945.60271
2009-11,IA,Iowa,IND,industrial,6038,4.8,74.05813,1543.70613
2009-11,IA,Iowa,OTH,other,,,,
2009-11,IA,Iowa,RES,residential,1323700,9.63,98.88998,1026.94591
2009-11,IA,Iowa,TRA,transportation,0,0,0,0
2009-12,AK,Alaska,COM,commercial,47334,14.06,36.03744,256.2695
2009-12,AK,Alaska,IND,industrial,1240,13.42,15.50878,115.60275
2009-12,AK,Alaska,OTH,other,,,,
2009-12,AK,Alaska,RES,residential,270456,16.27,36.1387,222.13407
2009-12,AK,Alaska,TRA,transportation,0,0,0,0
2009-12,AZ,Arizona,ALL,all sectors,2870201,8.65,462.19554,5341.39239
2009-12,AZ,Arizona,COM,commercial,299584,8.61,185.59528,2156.81294
2009-12,AZ,Arizona,IND,industrial,7085,6.12,55.10645,900.05621
2009-12,AZ,Arizona,OTH,other,,,,
2009-12,AZ,Arizona,RES,residential,2563532,9.7,221.49381,2284.52325
2009-12,AZ,Arizona,TRA,transportation,0,0,0,0
2009-12,AR,Arkansas,ALL,all sectors,1525714,7.41,268.28263,3621.18253
2009-12,AR,Arkansas,COM,commercial,178058,7.58,67.43119,889.269
2009-12,AR,Arkansas,IND,industrial,29718,5.9,75.70578,1283.48936
2009-12,AR,Arkansas,OTH,other,,,,
2009-12,AR,Arkansas,RES,residential,1317936,8.64,125.14168,1448.3852
2009-12,AR,Arkansas,TRA,transportation,2,10.22,.00399,.03898
2009-12,CA,California,ALL,all sectors,15286390,12.21,2679.31721,21942.67871
2009-12,CA,California,COM,commercial,1858683,11.31,1134.99496,10031.86284
2009-12,CA,California,IND,industrial,74638,9.3,351.20205,3778.34141
2009-12,CA,California,OTH,other,,,,
2009-12,CA,California,RES,residential,13352574,14.73,1187.50588,8064.31888
2009-12,CA,California,TRA,transportation,495,8.24,5.61432,68.15559
2009-12,CO,Colorado,ALL,all sectors,2482197,8.44,377.12813,4470.0187
2009-12,CO,Colorado,COM,commercial,349140,8.2,136.34263,1662.573
2009-12,CO,Colorado,IND,industrial,14691,6.14,68.61149,1118.22603
2009-12,CO,Colorado,OTH,other,,,,
2009-12,CO,Colorado,RES,residential,2118365,10.2,171.79301,1684.83867
2009-12,CO,Colorado,TRA,transportation,1,8.7,.381,4.381
2009-12,CT,Connecticut,ALL,all sectors,1609884,17.77,451.93391,2542.60766
2009-12,CT,Connecticut,COM,commercial,153814,16.53,179.11004,1083.85213
2008-08,LA,Louisiana,COM,commercial,266802,11.49,260.36109,2265.52476
2008-08,LA,Louisiana,IND,industrial,20390,9.67,235.42376,2433.88242
2008-08,LA,Louisiana,OTH,other,,,,
2008-08,LA,Louisiana,RES,residential,1927138,11.8,391.22398,3315.54876
2008-08,LA,Louisiana,TRA,transportation,23,12.57,.0694,.55204
2008-08,ME,Maine,ALL,all sectors,787113,14.07,142.47558,1012.7243
2008-08,ME,Maine,COM,commercial,88124,13.66,51.33742,375.80636
2008-08,ME,Maine,IND,industrial,2829,11.54,30.73846,266.3639
2008-08,ME,Maine,OTH,other,,,,
2008-08,ME,Maine,RES,residential,696160,16.3,60.3997,370.55404
2008-08,ME,Maine,TRA,transportation,0,0,0,0
2008-08,MD,Maryland,ALL,all sectors,2428319,13.73,793.95022,5784.15854
2008-08,MD,Maryland,COM,commercial,241608,13.55,370.41606,2734.05351
2008-08,MD,Maryland,IND,industrial,8634,10.55,52.48618,497.62084
2008-08,MD,Maryland,OTH,other,,,,
2008-08,MD,Maryland,RES,residential,2178072,14.58,366.09417,2510.14374
2008-08,MD,Maryland,TRA,transportation,5,11.7,4.95381,42.34046
2008-08,MA,Massachusetts,ALL,all sectors,3046497,17.14,859.0358,5012.33464
2008-08,MA,Massachusetts,COM,commercial,379798,17.19,412.61187,2400.24352
2008-08,MA,Massachusetts,IND,industrial,14079,14.99,117.13043,781.34903
2008-08,MA,Massachusetts,OTH,other,,,,
2008-08,MA,Massachusetts,RES,residential,2652619,18.08,326.25355,1804.41298
2008-08,MA,Massachusetts,TRA,transportation,1,11.55,3.03995,26.32911
2008-08,MI,Michigan,ALL,all sectors,4801810,9.67,902.12366,9330.28464
2008-08,MI,Michigan,COM,commercial,515760,9.75,334.02563,3425.70641
2008-08,MI,Michigan,IND,industrial,13324,7.09,191.08432,2693.9317
2008-08,MI,Michigan,OTH,other,,,,
2008-08,MI,Michigan,RES,residential,4272725,11.74,376.96272,3210.24356
2008-08,MI,Michigan,TRA,transportation,1,12.65,.05099,.40298
2008-08,MN,Minnesota,ALL,all sectors,2566741,8.42,522.58441,6210.02395
2008-08,MN,Minnesota,COM,commercial,271571,8.5,178.81933,2102.72141
2008-08,MN,Minnesota,IND,industrial,10910,6.52,141.81898,2173.76186
2008-08,MN,Minnesota,OTH,other,,,,
2008-08,MN,Minnesota,RES,residential,2284259,10.45,201.80011,1931.71368
2008-08,MN,Minnesota,TRA,transportation,1,7.99,.146,1.827
2008-08,MS,Mississippi,ALL,all sectors,1474855,9.91,477.2344,4818.02945
2008-08,MS,Mississippi,COM,commercial,224791,10.87,143.87243,1323.54627
2008-08,MS,Mississippi,IND,industrial,8121,7.06,103.17851,1460.47958
2008-08,MS,Mississippi,OTH,other,,,,
2008-08,MS,Mississippi,RES,residential,1241943,11.32,230.18346,2034.0036
2008-08,MS,Mississippi,TRA,transportation,0,0,0,0
2008-08,MO,Missouri,ALL,all sectors,3150341,8.03,643.56248,8017.47466
2008-08,MO,Missouri,COM,commercial,378282,7.75,224.70686,2899.85416
2008-08,MO,Missouri,IND,industrial,9730,5.76,85.18706,1479.50542
2008-08,MO,Missouri,OTH,other,,,,
2008-08,MO,Missouri,RES,residential,2762328,9.17,333.52457,3636.25108
2008-08,MO,Missouri,TRA,transportation,1,7.73,.144,1.864
2008-08,MT,Montana,ALL,all sectors,567319,8.1,108.496,1340.08881
2008-08,MT,Montana,COM,commercial,100394,8.79,38.55086,438.63833
2008-08,MT,Montana,IND,industrial,8045,6.32,34.03118,538.33787
2008-08,MT,Montana,OTH,other,,,,
2008-08,MT,Montana,RES,residential,458880,9.89,35.91395,363.11262
2008-08,MT,Montana,TRA,transportation,0,0,0,0
2008-08,NE,Nebraska,ALL,all sectors,1014391,7.35,206.46633,2809.03882
2008-08,NE,Nebraska,COM,commercial,153471,7.22,62.894,870.64292
2008-08,NE,Nebraska,IND,industrial,64814,5.74,56.9558,992.47952
2008-08,NE,Nebraska,OTH,other,,,,
2008-08,NE,Nebraska,RES,residential,796106,9.16,86.61652,945.91638
2008-08,NE,Nebraska,TRA,transportation,0,0,0,0
2008-08,NV,Nevada,ALL,all sectors,1215632,9.87,390.2063,3954.34722
2008-08,NV,Nevada,COM,commercial,151933,9.6,91.33615,951.61192
2008-08,NV,Nevada,IND,industrial,3849,8.32,109.39311,1315.05059
2008-09,DE,Delaware,COM,commercial,49113,12.85,50.8208,395.48822
2008-09,DE,Delaware,IND,industrial,615,11.28,28.46405,252.28345
2008-09,DE,Delaware,OTH,other,,,,
2008-09,DE,Delaware,RES,residential,392335,14.7,56.63377,385.29146
2008-09,DE,Delaware,TRA,transportation,0,0,0,0
2008-09,DC,District of Columbia,ALL,all sectors,244020,13.8,136.45351,988.89802
2008-09,DC,District of Columbia,COM,commercial,26680,13.7,107.89834,787.63676
2008-09,DC,District of Columbia,IND,industrial,1,13.12,2.75463,21.00028
2008-09,DC,District of Columbia,OTH,other,,,,
2008-09,DC,District of Columbia,RES,residential,217338,13.96,21.35774,152.98833
2008-09,DC,District of Columbia,TRA,transportation,1,16.29,4.4428,27.27265
2008-09,FL,Florida,ALL,all sectors,9710492,11.16,2493.44975,22344.32224
2008-09,FL,Florida,COM,commercial,1139934,10.37,915.92126,8835.32928
2008-09,FL,Florida,IND,industrial,21949,8.67,138.21798,1593.85693
2008-09,FL,Florida,OTH,other,,,,
2008-09,FL,Florida,RES,residential,8548584,12.08,1438.53714,11907.87505
2008-09,FL,Florida,TRA,transportation,25,10.65,.77337,7.26099
2008-09,GA,Georgia,ALL,all sectors,4601799,9.29,1114.38402,11994.94758
2008-09,GA,Georgia,COM,commercial,544944,9.13,384.85115,4213.15912
2008-09,GA,Georgia,IND,industrial,16090,7.1,192.69484,2714.93647
2008-09,GA,Georgia,OTH,other,,,,
2008-09,GA,Georgia,RES,residential,4040764,10.6,535.59885,5050.59747
2008-09,GA,Georgia,TRA,transportation,1,7.62,1.23918,16.25451
2008-09,HI,Hawaii,ALL,all sectors,472925,33.32,293.35103,880.40874
2008-09,HI,Hawaii,COM,commercial,61682,33.48,102.26721,305.4412
2008-09,HI,Hawaii,IND,industrial,667,30.3,97.23204,320.91007
2008-09,HI,Hawaii,OTH,other,,,,
2008-09,HI,Hawaii,RES,residential,410576,36.94,93.85178,254.05747
2008-09,HI,Hawaii,TRA,transportation,0,0,0,0
2008-09,ID,Idaho,ALL,all sectors,782783,5.88,107.91197,1836.3277
2008-09,ID,Idaho,COM,commercial,99450,5.89,27.98869,474.82974
2008-10,AL,Alabama,ALL,all sectors,2496286,9.42,635.22216,6745.79405
2008-10,AL,Alabama,COM,commercial,372039,10.66,196.19691,1840.18208
2008-10,AL,Alabama,IND,industrial,9235,6.96,194.20009,2789.89861
2008-10,AL,Alabama,OTH,other,,,,
2008-10,AL,Alabama,RES,residential,2115012,11.57,244.82515,2115.71336
2008-10,AL,Alabama,TRA,transportation,0,0,0,0
2008-10,AK,Alaska,ALL,all sectors,319325,14.64,75.70457,517.25789
2009-09,PA,Pennsylvania,ALL,all sectors,5940943,9.61,1085.32872,11296.05285
2009-09,PA,Pennsylvania,COM,commercial,679929,9.56,369.82113,3867.20874
2009-09,PA,Pennsylvania,IND,industrial,27402,7.26,260.72512,3592.9176
2009-09,PA,Pennsylvania,OTH,other,,,,
2009-09,PA,Pennsylvania,RES,residential,5233598,11.94,449.22728,3762.30426
2009-09,PA,Pennsylvania,TRA,transportation,14,7.55,5.55519,73.62225
2009-09,RI,Rhode Island,ALL,all sectors,492973,14.87,80.32089,540.1569
2009-09,RI,Rhode Island,COM,commercial,56525,14.23,37.18811,261.29552
2009-09,RI,Rhode Island,IND,industrial,2001,12.61,8.54074,67.74
2009-09,RI,Rhode Island,OTH,other,,,,
2009-09,RI,Rhode Island,RES,residential,434447,16.38,34.59205,211.12139
2009-09,RI,Rhode Island,TRA,transportation,0,0,0,0
2010-04,AL,Alabama,TRA,transportation,0,0,0,0
2010-04,AK,Alaska,ALL,all sectors,320034,14.94,74.91827,501.56775
2010-04,AK,Alaska,COM,commercial,47697,14.11,32.32848,229.12905
2010-04,AK,Alaska,IND,industrial,1220,14.62,15.78029,107.93103
2010-04,AK,Alaska,OTH,other,,,,
2010-04,AK,Alaska,RES,residential,271117,16.3,26.8095,164.50767
2010-04,AK,Alaska,TRA,transportation,0,0,0,0
2010-04,AZ,Arizona,ALL,all sectors,2863657,8.85,439.27218,4960.90168
2010-04,AZ,Arizona,COM,commercial,300772,8.79,196.13079,2231.92713
2010-04,AZ,Arizona,IND,industrial,7183,6.24,56.64466,907.74026
2010-04,AZ,Arizona,OTH,other,,,,
2010-04,AZ,Arizona,RES,residential,2555702,10.24,186.49674,1821.23429
2010-04,AZ,Arizona,TRA,transportation,0,0,0,0
2010-04,AR,Arkansas,ALL,all sectors,1523288,7.13,235.2592,3297.28929
2010-04,AR,Arkansas,COM,commercial,177965,7.43,64.81675,872.00669
2010-04,AR,Arkansas,IND,industrial,28257,5.14,68.71429,1336.25284
2010-04,AR,Arkansas,OTH,other,,,,
2010-04,AR,Arkansas,RES,residential,1317064,9.34,101.72443,1088.99686
2010-04,AR,Arkansas,TRA,transportation,2,11.36,.00374,.03291
2010-04,CA,California,ALL,all sectors,15114494,11.79,2389.04434,20255.5442
2010-04,CA,California,COM,commercial,1853819,11.55,1131.78076,9799.36197
2010-04,CA,California,IND,industrial,75846,9.03,357.61811,3959.92863
2010-04,CA,California,OTH,other,,,,
2010-04,CA,California,RES,residential,13184815,13.91,894.33962,6429.30793
2010-04,CA,California,TRA,transportation,14,7.93,5.30584,66.94567
2010-04,CO,Colorado,ALL,all sectors,2490162,9.21,367.76374,3991.42951
2010-04,CO,Colorado,COM,commercial,350089,9.28,140.68862,1515.79502
2010-04,CO,Colorado,IND,industrial,15094,7.02,83.78689,1194.39713
2010-04,CO,Colorado,OTH,other,,,,
2010-04,CO,Colorado,RES,residential,2124978,11.19,142.93823,1277.61236
2010-04,CO,Colorado,TRA,transportation,1,9.66,.35,3.625
2010-04,CT,Connecticut,ALL,all sectors,1618135,17.56,393.49901,2240.76074
2010-04,CT,Connecticut,COM,commercial,158607,16.66,171.8988,1031.93606
2010-04,CT,Connecticut,IND,industrial,5177,14.62,43.86997,300.01696
2010-04,CT,Connecticut,OTH,other,,,,
2010-04,CT,Connecticut,RES,residential,1454349,19.68,175.59904,892.32839
2010-04,CT,Connecticut,TRA,transportation,2,12.93,2.1312,16.47934
2010-04,DE,Delaware,ALL,all sectors,446252,11.8,97.23766,824.12359
2010-04,DE,Delaware,COM,commercial,49840,11.36,36.7566,323.54838
2010-04,DE,Delaware,IND,industrial,1242,9.04,18.62855,206.17827
2010-04,DE,Delaware,OTH,other,,,,
2010-04,DE,Delaware,RES,residential,395170,14.22,41.8525,294.39693
2010-04,DE,Delaware,TRA,transportation,0,0,0,0
2010-04,DC,District of Columbia,ALL,all sectors,254213,13.37,110.78368,828.63227
2010-04,DC,District of Columbia,COM,commercial,26477,13.59,92.09117,677.45927
2010-04,DC,District of Columbia,IND,industrial,1,7.17,1.2661,17.65278
2010-04,DC,District of Columbia,OTH,other,,,,
2010-04,DC,District of Columbia,RES,residential,227734,13.73,15.25437,111.08496
2010-04,DC,District of Columbia,TRA,transportation,1,9.68,2.17205,22.43526
2010-04,FL,Florida,ALL,all sectors,9646786,10.67,1639.35901,15364.18987
2010-04,FL,Florida,COM,commercial,1124492,10.05,677.95435,6745.09169
2010-04,FL,Florida,IND,industrial,17920,8.79,126.42209,1437.63019
2010-04,FL,Florida,OTH,other,,,,
2010-04,FL,Florida,RES,residential,8504349,11.63,834.39771,7175.03391
2010-04,FL,Florida,TRA,transportation,25,9.09,.58486,6.43408
2010-04,GA,Georgia,ALL,all sectors,4591117,8.37,792.78163,9473.46888
2010-04,GA,Georgia,COM,commercial,542805,8.82,309.8931,3511.6354
2010-04,GA,Georgia,IND,industrial,15437,5.61,139.37263,2482.78412
2010-04,GA,Georgia,OTH,other,,,,
2010-04,GA,Georgia,RES,residential,4032874,9.89,342.57974,3465.56741
2010-04,GA,Georgia,TRA,transportation,1,6.94,.93616,13.48196
2010-04,HI,Hawaii,ALL,all sectors,475548,24.23,193.92542,800.36956
2010-04,HI,Hawaii,COM,commercial,60530,24.98,66.99532,268.15153
2010-11,OR,Oregon,ALL,all sectors,1889396,7.69,303.24277,3945.56582
2010-11,OR,Oregon,COM,commercial,239215,7.68,102.64187,1336.70372
2010-11,OR,Oregon,IND,industrial,20146,5.58,55.16011,989.07806
2010-11,OR,Oregon,OTH,other,,,,
2010-12,KS,Kansas,IND,industrial,24559,6.3,53.26062,846.00304
2010-12,KS,Kansas,OTH,other,,,,
2010-12,KS,Kansas,RES,residential,1163174,9.43,114.58455,1214.8299
2010-12,KS,Kansas,TRA,transportation,0,0,0,0
2010-12,KY,Kentucky,ALL,all sectors,2233692,6.86,597.48736,8714.21535
2010-12,KY,Kentucky,COM,commercial,297144,7.89,136.30148,1726.6426
2010-12,KY,Kentucky,IND,industrial,7219,5.13,202.04955,3942.22721
2010-12,KY,Kentucky,OTH,other,,,,
2010-12,KY,Kentucky,RES,residential,1929329,8.51,259.13633,3045.34553
2010-12,KY,Kentucky,TRA,transportation,0,0,0,0
2010-12,LA,Louisiana,ALL,all sectors,2299336,7.02,458.08941,6528.92099
2010-01,ESC,East South Central,TRA,transportation,1,9.5,.019,.2
2010-01,WSC,West South Central,ALL,all sectors,16699258,8.66,4036.67989,46636.12147
2010-01,WSC,West South Central,COM,commercial,2174899,8.8,1203.73387,13675.56205
2010-01,WSC,West South Central,IND,industrial,189036,6.1,741.34748,12162.26354
2010-01,WSC,West South Central,OTH,other,,,,
2010-01,WSC,West South Central,RES,residential,14335287,10.06,2090.91826,20791.3196
2010-01,WSC,West South Central,TRA,transportation,36,9.75,.68028,6.97628
2010-01,MTN,Mountain,ALL,all sectors,10308607,7.92,1714.27466,21637.76774
2010-01,MTN,Mountain,COM,commercial,1321027,7.99,576.58542,7218.71135
2010-01,MTN,Mountain,IND,industrial,79128,5.64,339.08285,6015.88825
2010-01,MTN,Mountain,OTH,other,,,,
2010-01,MTN,Mountain,RES,residential,8908423,9.51,797.95753,8395.17578
2010-01,MTN,Mountain,TRA,transportation,29,8.12,.64887,7.99237
2010-01,PACC,Pacific Contiguous,ALL,all sectors,19497003,10.18,3385.15298,33240.7507
2010-01,PACC,Pacific Contiguous,COM,commercial,2349910,10.08,1285.55498,12750.8101
2010-01,PACC,Pacific Contiguous,IND,industrial,118498,6.74,442.75812,6565.87828
2010-01,PACC,Pacific Contiguous,OTH,other,,,,
2010-01,PACC,Pacific Contiguous,RES,residential,17028517,11.92,1651.17961,13853.17123
2010-01,PACC,Pacific Contiguous,TRA,transportation,78,7.98,5.66026,70.89108
2010-01,PACN,Pacific Noncontiguous,ALL,all sectors,793939,19.82,283.9422,1432.29326
2010-01,PACN,Pacific Noncontiguous,COM,commercial,108386,19.06,100.33288,526.29315
2010-01,PACN,Pacific Noncontiguous,IND,industrial,1890,18.64,77.79969,417.35593
2010-01,PACN,Pacific Noncontiguous,OTH,other,,,,
2010-01,PACN,Pacific Noncontiguous,RES,residential,683663,21.65,105.80963,488.64418
2010-01,PACN,Pacific Noncontiguous,TRA,transportation,0,0,0,0
2010-01,US,U.S. Total,ALL,all sectors,143201001,9.28,30783.69853,331878.76297
2010-01,US,U.S. Total,COM,commercial,17583534,9.55,10327.21325,108120.50557
2010-01,US,U.S. Total,IND,industrial,710700,6.5,4909.0917,75548.90308
2010-01,US,U.S. Total,OTH,other,,,,
2010-01,US,U.S. Total,RES,residential,124906507,10.49,15475.10693,147499.8756
2010-01,US,U.S. Total,TRA,transportation,260,10.19,72.28664,709.47872
2010-04,HI,Hawaii,OTH,other,,,,
2010-04,HI,Hawaii,RES,residential,414327,27.14,65.15561,240.0305
2010-04,HI,Hawaii,TRA,transportation,0,0,0,0
2010-04,ID,Idaho,ALL,all sectors,790381,6.44,108.55756,1684.44476
2010-04,ID,Idaho,COM,commercial,100937,6.69,30.5782,456.78631
2010-04,ID,Idaho,IND,industrial,25714,4.8,29.1452,606.71481
2010-04,ID,Idaho,OTH,other,,,,
2010-04,ID,Idaho,RES,residential,663730,7.86,48.83416,620.94363
2010-04,ID,Idaho,TRA,transportation,0,0,0,0
2010-04,IL,Illinois,ALL,all sectors,5667359,8.8,899.80542,10221.08225
2010-04,HI,Hawaii,IND,industrial,691,21.14,61.77449,292.18753
2010-05,AL,Alabama,ALL,all sectors,2490197,8.84,613.08292,6933.68714
2010-05,AL,Alabama,COM,commercial,354257,10.29,189.15261,1838.77543
2010-05,AL,Alabama,IND,industrial,6977,6.11,170.03214,2784.11355
2010-05,AL,Alabama,OTH,other,,,,
2010-05,AL,Alabama,RES,residential,2128963,10.99,253.89817,2310.79816
2010-05,AL,Alabama,TRA,transportation,0,0,0,0
2010-05,AK,Alaska,ALL,all sectors,320757,15.21,72.67834,477.74703
2010-05,AK,Alaska,COM,commercial,47848,14.34,31.93784,222.73965
2010-05,AK,Alaska,IND,industrial,1210,14.78,15.18473,102.75789
2010-05,AK,Alaska,OTH,other,,,,
2010-05,AK,Alaska,RES,residential,271699,16.79,25.55578,152.24949
2010-05,AK,Alaska,TRA,transportation,0,0,0,0
2010-05,AZ,Arizona,ALL,all sectors,2855506,10.2,571.9688,5605.46301
2010-05,AZ,Arizona,COM,commercial,300572,10.08,241.65348,2396.93
2010-05,AZ,Arizona,IND,industrial,7191,6.89,66.20816,960.48184
2010-05,AZ,Arizona,OTH,other,,,,
2010-05,AZ,Arizona,RES,residential,2547743,11.75,264.10716,2248.05118
2010-05,AZ,Arizona,TRA,transportation,0,0,0,0
2010-05,AR,Arkansas,ALL,all sectors,1524290,7.23,249.15628,3446.7695
2010-05,AR,Arkansas,COM,commercial,177919,7.56,71.51826,946.56303
2010-05,AR,Arkansas,IND,industrial,30105,5.34,75.52177,1415.14219
2010-05,AR,Arkansas,OTH,other,,,,
2010-05,AR,Arkansas,RES,residential,1316264,9.41,102.11258,1085.03178
2010-05,AR,Arkansas,TRA,transportation,2,11.32,.00368,.0325
2010-05,CA,California,ALL,all sectors,14737258,12.66,2407.42901,19017.65044
2010-05,CA,California,COM,commercial,1790317,12.65,1155.90855,9134.05792
2010-05,CA,California,IND,industrial,75702,9.42,372.55898,3954.51441
2010-05,CA,California,OTH,other,,,,
2010-05,CA,California,RES,residential,12871225,14.9,873.64725,5861.58589
2010-05,CA,California,TRA,transportation,14,7.87,5.31423,67.49222
2010-05,CO,Colorado,ALL,all sectors,2490995,9.41,382.07219,4058.93485
2010-05,CO,Colorado,COM,commercial,349961,9.57,149.93235,1566.22147
2010-05,CO,Colorado,IND,industrial,15148,7.12,88.17278,1238.34795
2010-05,CO,Colorado,OTH,other,,,,
2010-06,AL,Alabama,ALL,all sectors,2506938,9.16,754.00109,8230.91886
2010-06,AL,Alabama,COM,commercial,357122,10.03,217.91314,2171.64306
2010-06,AL,Alabama,IND,industrial,7036,6.47,177.4251,2742.60999
2010-06,AL,Alabama,OTH,other,,,,
2010-06,AL,Alabama,RES,residential,2142780,10.81,358.66285,3316.6658
2010-06,AL,Alabama,TRA,transportation,0,0,0,0
2010-06,AK,Alaska,ALL,all sectors,321839,15,69.95815,466.32686
2010-06,AK,Alaska,COM,commercial,47880,14.45,31.59959,218.62215
2010-06,AK,Alaska,IND,industrial,1222,13.97,14.95026,107.00649
2010-06,AK,Alaska,OTH,other,,,,
2010-06,AK,Alaska,RES,residential,272737,16.64,23.4083,140.69822
2010-06,AK,Alaska,TRA,transportation,0,0,0,0
2010-06,AZ,Arizona,ALL,all sectors,2852867,10.5,738.71505,7036.53405
2010-06,AZ,Arizona,COM,commercial,300643,10.21,274.58932,2689.33876
2010-06,AZ,Arizona,IND,industrial,7186,7.08,70.1618,991.38791
2010-06,AZ,Arizona,OTH,other,,,,
2010-06,AZ,Arizona,RES,residential,2545038,11.74,393.96392,3355.80739
2010-06,AZ,Arizona,TRA,transportation,0,0,0,0
2010-06,AR,Arkansas,ALL,all sectors,1541897,7.82,332.73242,4253.03644
2010-07,WNC,West North Central,TRA,transportation,2,8.3,.292,3.519
2010-07,SAT,South Atlantic,ALL,all sectors,29558980,10.07,8311.37771,82570.82724
2010-07,SAT,South Atlantic,COM,commercial,3558793,9.45,2847.54402,30119.98385
2010-07,SAT,South Atlantic,IND,industrial,78888,7.21,873.73006,12121.3997
2010-07,SAT,South Atlantic,OTH,other,,,,
2010-07,SAT,South Atlantic,RES,residential,25921257,11.38,4578.69952,40217.92116
2010-07,SAT,South Atlantic,TRA,transportation,42,10.23,11.40411,111.52253
2010-07,ESC,East South Central,ALL,all sectors,9424471,8.63,2795.83146,32399.19763
2010-07,ESC,East South Central,COM,commercial,1347404,9.43,804.09932,8528.41008
2010-07,ESC,East South Central,IND,industrial,23862,6.22,621.4243,9983.86913
2010-07,ESC,East South Central,OTH,other,,,,
2010-07,ESC,East South Central,RES,residential,8053204,9.87,1370.28785,13886.73042
2010-07,ESC,East South Central,TRA,transportation,1,10.64,.02,.188
2010-07,WSC,West South Central,ALL,all sectors,16997480,8.99,5000.56738,55654.76853
2010-07,WSC,West South Central,COM,commercial,2197452,8.72,1519.80244,17419.31133
2010-07,WSC,West South Central,IND,industrial,208551,6.29,911.99827,14508.76433
2010-07,WSC,West South Central,OTH,other,,,,
2010-07,WSC,West South Central,RES,residential,14591450,10.83,2568.02201,23719.19344
2010-07,WSC,West South Central,TRA,transportation,27,9.93,.74466,7.49943
2010-07,MTN,Mountain,ALL,all sectors,10325268,9.46,2599.34856,27489.19933
2010-07,MTN,Mountain,COM,commercial,1325330,9.27,837.20822,9034.68825
2010-07,MTN,Mountain,IND,industrial,87365,7,521.24452,7448.53347
2010-07,MTN,Mountain,OTH,other,,,,
2010-07,MTN,Mountain,RES,residential,8912544,11.28,1240.18452,10998.72115
2010-07,MTN,Mountain,TRA,transportation,29,9.8,.7113,7.25647
2010-07,PACC,Pacific Contiguous,ALL,all sectors,19997443,11.98,4163.43251,34749.73502
2010-07,PACC,Pacific Contiguous,COM,commercial,2416261,13.27,1965.50737,14808.64982
2010-07,PACC,Pacific Contiguous,IND,industrial,136686,8.14,644.50832,7919.48988
2010-07,PACC,Pacific Contiguous,OTH,other,,,,
2010-07,PACC,Pacific Contiguous,RES,residential,17444418,12.95,1547.14889,11948.53602
2010-07,PACC,Pacific Contiguous,TRA,transportation,78,8.58,6.26794,73.0593
2010-07,PACN,Pacific Noncontiguous,ALL,all sectors,797287,21.51,292.19498,1358.17115
2010-07,PACN,Pacific Noncontiguous,COM,commercial,108211,20.84,107.47566,515.60203
2010-07,PACN,Pacific Noncontiguous,IND,industrial,2294,19.86,86.06485,433.31119
2010-07,PACN,Pacific Noncontiguous,OTH,other,,,,
2010-07,PACN,Pacific Noncontiguous,RES,residential,686782,24.11,98.65447,409.25794
2010-07,PACN,Pacific Noncontiguous,TRA,transportation,0,0,0,0
2010-11,ND,North Dakota,ALL,all sectors,390398,7.11,80.77421,1136.84752
2010-11,ND,North Dakota,COM,commercial,59126,7.26,30.27912,416.92401
2010-11,ND,North Dakota,IND,industrial,2643,5.75,19.37911,337.11584
2010-11,ND,North Dakota,OTH,other,,,,
2010-11,ND,North Dakota,RES,residential,328629,8.13,31.11599,382.80767
2010-11,ND,North Dakota,TRA,transportation,0,0,0,0
2010-11,OH,Ohio,ALL,all sectors,5509785,9.07,1061.16252,11704.35196
2010-11,OH,Ohio,COM,commercial,613955,9.85,353.1069,3584.40263
2010-11,OH,Ohio,IND,industrial,20613,6.44,285.52755,4436.86823
2010-11,OH,Ohio,OTH,other,,,,
2010-11,OH,Ohio,RES,residential,4875214,11.48,422.26671,3679.78352
2010-11,OH,Ohio,TRA,transportation,3,7.93,.26137,3.29758
2010-11,OK,Oklahoma,ALL,all sectors,1948887,7.02,283.30141,4034.19702
2010-11,OK,Oklahoma,COM,commercial,263260,6.72,98.55869,1466.8633
2010-11,OK,Oklahoma,IND,industrial,18333,5.04,64.28385,1275.45222
2010-11,OK,Oklahoma,OTH,other,,,,
2010-11,OK,Oklahoma,RES,residential,1667294,9.32,120.45887,1291.8815
2010-11,OK,Oklahoma,TRA,transportation,0,0,0,0
2009-09,SC,South Carolina,ALL,all sectors,2436132,8.41,557.46679,6627.42684
2009-09,SC,South Carolina,COM,commercial,344317,8.74,167.55579,1916.38854
2009-09,SC,South Carolina,IND,industrial,4480,5.8,126.98697,2190.002
2009-09,SC,South Carolina,OTH,other,,,,
2009-09,SC,South Carolina,RES,residential,2087335,10.43,262.92404,2521.03629
2009-09,SC,South Carolina,TRA,transportation,0,0,0,0
2009-09,SD,South Dakota,ALL,all sectors,436245,7.64,65.17651,852.8833
2009-09,SD,South Dakota,COM,commercial,65737,7.25,25.34387,349.66033
2009-09,SD,South Dakota,IND,industrial,3451,5.86,11.91738,203.41508
2009-09,SD,South Dakota,OTH,other,,,,
2009-09,SD,South Dakota,RES,residential,367057,9.31,27.91526,299.8079
2009-09,SD,South Dakota,TRA,transportation,0,0,0,0
2009-09,TN,Tennessee,ALL,all sectors,3159824,8.5,723.33664,8505.40754
2009-09,TN,Tennessee,COM,commercial,459158,9.34,242.47675,2595.81583
2009-09,TN,Tennessee,IND,industrial,2028,6.64,158.74672,2391.38932
2009-09,TN,Tennessee,OTH,other,,,,
2009-09,TN,Tennessee,RES,residential,2698637,9.16,322.09597,3518.04239
2009-09,TN,Tennessee,TRA,transportation,1,10.76,.01721,.16
2009-09,TX,Texas,ALL,all sectors,11089555,9.64,3095.36668,32093.92008
2009-09,TX,Texas,COM,commercial,1428142,9.4,1048.71554,11151.16144
2009-09,TX,Texas,IND,industrial,131212,6.37,535.39657,8404.98929
2009-09,TX,Texas,OTH,other,,,,
2009-09,TX,Texas,RES,residential,9530199,12.05,1510.6547,12531.66822
2009-09,TX,Texas,TRA,transportation,2,9.83,.59988,6.10112
2009-09,UT,Utah,ALL,all sectors,1060792,7.22,179.33406,2484.67304
2009-09,UT,Utah,COM,commercial,118020,7.54,72.55123,962.01819
2009-09,UT,Utah,IND,industrial,9563,5.13,38.5803,751.60039
2009-09,UT,Utah,OTH,other,,,,
2009-09,UT,Utah,RES,residential,933200,8.85,67.96702,768.31516
2009-09,UT,Utah,TRA,transportation,9,8.6,.23551,2.7393
2009-09,VT,Vermont,ALL,all sectors,358338,12.81,55.94858,436.85298
2009-09,VT,Vermont,COM,commercial,50132,13.05,21.77801,166.93428
2009-09,VT,Vermont,IND,industrial,225,9.19,10.4669,113.94812
2009-09,VT,Vermont,OTH,other,,,,
2009-09,VT,Vermont,RES,residential,307981,15.2,23.70367,155.97058
2009-09,VT,Vermont,TRA,transportation,0,0,0,0
2009-09,VA,Virginia,ALL,all sectors,3605106,9.06,766.61949,8460.13969
2009-09,VA,Virginia,COM,commercial,407538,8.09,306.3883,3789.19811
2009-09,VA,Virginia,IND,industrial,5305,6.9,95.44045,1383.78407
2009-09,VA,Virginia,OTH,other,,,,
2009-09,VA,Virginia,RES,residential,3192262,11.11,363.43947,3270.68051
2009-09,VA,Virginia,TRA,transportation,1,8.2,1.35127,16.477
2009-09,WA,Washington,ALL,all sectors,3196860,6.47,432.7046,6689.84115
2009-09,WA,Washington,COM,commercial,352521,6.9,169.91844,2460.85004
2009-09,WA,Washington,IND,industrial,32685,4.42,88.39956,2002.2092
2009-09,WA,Washington,OTH,other,,,,
2009-09,WA,Washington,RES,residential,2811650,7.83,174.36962,2226.51412
2009-09,WA,Washington,TRA,transportation,4,6.34,.01698,.26779
2009-09,WV,West Virginia,ALL,all sectors,1014597,6.45,146.57088,2273.25593
2009-09,WV,West Virginia,COM,commercial,137049,6.63,40.99845,618.63694
2009-09,WV,West Virginia,IND,industrial,12236,5.05,45.58546,903.08977
2009-09,WV,West Virginia,OTH,other,,,,
2009-09,WV,West Virginia,RES,residential,865311,7.98,59.96177,751.15683
2009-09,WV,West Virginia,TRA,transportation,1,6.77,.0252,.37239
2009-09,WI,Wisconsin,ALL,all sectors,2930975,9.53,506.283,5313.78547
2009-09,WI,Wisconsin,COM,commercial,336978,9.82,186.4146,1897.40908
2009-09,WI,Wisconsin,IND,industrial,5145,6.96,132.57562,1905.18914
2009-09,WI,Wisconsin,OTH,other,,,,
2009-09,WI,Wisconsin,RES,residential,2588852,12.39,187.29277,1511.18726
2009-09,WI,Wisconsin,TRA,transportation,0,0,0,0
2009-09,WY,Wyoming,ALL,all sectors,324555,6.29,79.11755,1258.39471
2009-09,WY,Wyoming,COM,commercial,59629,7.56,26.50727,350.486
2009-09,WY,Wyoming,IND,industrial,9333,4.97,36.4053,732.17746
2009-09,WY,Wyoming,OTH,other,,,,
2009-09,WY,Wyoming,RES,residential,255593,9.22,16.20498,175.73125
2009-09,WY,Wyoming,TRA,transportation,0,0,0,0
2009-09,NEW,New England,ALL,all sectors,6977230,15.71,1542.7737,9817.97959
2009-09,NEW,New England,COM,commercial,808176,15.22,569.17391,3738.66578
2009-09,NEW,New England,IND,industrial,29229,13.49,317.91867,2356.50511
2009-09,NEW,New England,OTH,other,,,,
2009-09,NEW,New England,RES,residential,6139822,17.73,652.44558,3679.1788
2009-09,NEW,New England,TRA,transportation,3,7.42,3.23554,43.62991
2009-09,MAT,Middle Atlantic,ALL,all sectors,17859869,13.54,4058.78518,29968.41494
2009-09,MAT,Middle Atlantic,COM,commercial,2198758,14.02,1948.65638,13899.92789
2009-09,MAT,Middle Atlantic,IND,industrial,49324,8.24,454.01975,5510.04863
2009-09,MAT,Middle Atlantic,OTH,other,,,,
2009-09,MAT,Middle Atlantic,RES,residential,15611743,15.79,1612.27623,10209.05744
2009-09,MAT,Middle Atlantic,TRA,transportation,44,12.55,43.83282,349.38098
2009-09,ENC,East North Central,ALL,all sectors,21799096,8.99,4000.56894,44523.2297
2009-09,ENC,East North Central,COM,commercial,2375353,9.37,1403.22216,14983.05568
2009-09,ENC,East North Central,IND,industrial,62957,6.53,1038.50164,15904.12132
2009-09,ENC,East North Central,OTH,other,,,,
2009-09,ENC,East North Central,RES,residential,19360778,11.44,1555.03777,13589.50565
2009-09,ENC,East North Central,TRA,transportation,8,8.18,3.80737,46.54705
2009-09,WNC,West North Central,ALL,all sectors,10470745,7.85,1749.97966,22295.58822
2009-09,WNC,West North Central,COM,commercial,1355760,7.67,627.21097,8181.02947
2009-09,WNC,West North Central,IND,industrial,114887,5.93,405.14979,6827.13298
2009-09,WNC,West North Central,OTH,other,,,,
2009-09,WNC,West North Central,RES,residential,9000096,9.85,717.3499,7284.06577
2009-09,WNC,West North Central,TRA,transportation,2,8.01,.269,3.36
2009-09,SAT,South Atlantic,ALL,all sectors,29271492,9.95,6785.57631,68167.44275
2009-09,SAT,South Atlantic,COM,commercial,3521586,9.52,2535.52301,26631.35558
2009-09,SAT,South Atlantic,IND,industrial,78946,6.62,753.96441,11381.41622
2009-09,SAT,South Atlantic,OTH,other,,,,
2009-09,SAT,South Atlantic,RES,residential,25670925,11.6,3486.66284,30047.04501
2009-09,SAT,South Atlantic,TRA,transportation,35,8.76,9.42605,107.62594
2009-09,ESC,East South Central,ALL,all sectors,9355097,8.06,2223.26818,27582.58621
2009-09,ESC,East South Central,COM,commercial,1327454,9.12,673.57163,7386.31109
2009-09,ESC,East South Central,IND,industrial,25991,5.73,583.32752,10181.58577
2009-09,ESC,East South Central,OTH,other,,,,
2009-09,ESC,East South Central,RES,residential,8001651,9.65,966.35182,10014.52935
2009-09,ESC,East South Central,TRA,transportation,1,10.76,.01721,.16
2009-09,WSC,West South Central,ALL,all sectors,16794693,8.78,4214.07501,47986.21501
2009-09,WSC,West South Central,COM,commercial,2141439,8.7,1391.18424,15998.72136
2009-09,WSC,West South Central,IND,industrial,204217,5.79,770.59161,13312.00165
2009-09,WSC,West South Central,OTH,other,,,,
2009-09,WSC,West South Central,RES,residential,14449009,10.99,2051.60989,18668.55895
2009-09,WSC,West South Central,TRA,transportation,28,9.94,.68927,6.93306
2009-09,MTN,Mountain,ALL,all sectors,10264559,9.01,2132.63809,23660.59408
2009-09,MTN,Mountain,COM,commercial,1316650,8.95,746.51943,8340.20455
2009-09,MTN,Mountain,IND,industrial,87089,6.71,440.07025,6555.24045
2009-09,MTN,Mountain,OTH,other,,,,
2009-09,MTN,Mountain,RES,residential,8860792,10.79,945.42683,8758.25078
2009-09,MTN,Mountain,TRA,transportation,28,9.01,.62158,6.8983
2009-09,PACC,Pacific Contiguous,ALL,all sectors,19885901,12.4,4364.24205,35198.54077
2009-09,PACC,Pacific Contiguous,COM,commercial,2394039,13.21,2010.37392,15212.92082
2009-09,PACC,Pacific Contiguous,IND,industrial,135391,8.88,657.93484,7408.32739
2009-09,PACC,Pacific Contiguous,OTH,other,,,,
2009-09,PACC,Pacific Contiguous,RES,residential,17355913,13.51,1689.52818,12505.52325
2009-09,PACC,Pacific Contiguous,TRA,transportation,558,8.92,6.40511,71.7693
2009-09,PACN,Pacific Noncontiguous,ALL,all sectors,795128,19.99,272.42742,1362.71494
2009-09,PACN,Pacific Noncontiguous,COM,commercial,108290,19.47,102.78562,528.03678
2009-09,PACN,Pacific Noncontiguous,IND,industrial,2255,18.19,77.67782,427.01144
2009-09,PACN,Pacific Noncontiguous,OTH,other,,,,
2009-09,PACN,Pacific Noncontiguous,RES,residential,684583,22.56,91.96398,407.66672
2009-09,PACN,Pacific Noncontiguous,TRA,transportation,0,0,0,0
2009-09,US,U.S. Total,ALL,all sectors,143473810,10.09,31344.33454,310563.30622
2009-09,US,U.S. Total,COM,commercial,17547505,10.45,12008.22126,114900.22901
2009-09,US,U.S. Total,IND,industrial,790286,6.89,5499.1563,79863.39097
2009-09,US,U.S. Total,OTH,other,,,,
2009-09,US,U.S. Total,RES,residential,125135312,11.96,13768.65302,115163.38169
2009-09,US,U.S. Total,TRA,transportation,707,10.73,68.30396,636.30455
2009-10,DE,Delaware,RES,residential,393719,14.7,40.49242,275.54345
2009-10,DE,Delaware,TRA,transportation,0,0,0,0
2009-10,DC,District of Columbia,ALL,all sectors,249350,13.36,115.68071,866.13875
2009-10,DC,District of Columbia,COM,commercial,26278,13.35,95.20537,713.25448
2009-10,DC,District of Columbia,IND,industrial,1,8.91,1.47543,16.56632
2009-10,DC,District of Columbia,OTH,other,,,,
2009-10,DC,District of Columbia,RES,residential,223070,14.28,16.00024,112.05687
2009-10,DC,District of Columbia,TRA,transportation,1,12.36,2.99967,24.26109
2009-10,FL,Florida,ALL,all sectors,9581996,11.4,2265.7165,19867.93261
2009-10,FL,Florida,COM,commercial,1120491,10.63,867.92997,8167.61226
2009-10,FL,Florida,IND,industrial,19670,9,122.50685,1360.63645
2009-10,FL,Florida,OTH,other,,,,
2009-10,FL,Florida,RES,residential,8441810,12.34,1274.49533,10332.03672
2009-10,FL,Florida,TRA,transportation,25,10.26,.78436,7.64719
2009-10,GA,Georgia,ALL,all sectors,4624423,8.65,875.84009,10120.54852
2009-10,GA,Georgia,COM,commercial,544938,9.06,339.95604,3754.21204
2009-10,GA,Georgia,IND,industrial,15412,5.93,152.11301,2565.48576
2009-10,GA,Georgia,OTH,other,,,,
2009-10,GA,Georgia,RES,residential,4064072,10.11,382.8492,3787.40997
2009-10,GA,Georgia,TRA,transportation,1,6.86,.92184,13.44076
2009-10,HI,Hawaii,ALL,all sectors,474793,23.57,215.13444,912.73259
2009-10,HI,Hawaii,COM,commercial,60714,24.35,75.14603,308.61027
2009-10,HI,Hawaii,IND,industrial,694,20.49,68.06279,332.16876
2009-10,HI,Hawaii,OTH,other,,,,
2009-10,HI,Hawaii,RES,residential,413385,26.45,71.92562,271.95357
2009-10,HI,Hawaii,TRA,transportation,0,0,0,0
2009-10,ID,Idaho,ALL,all sectors,788340,6.53,108.51659,1660.60658
2009-10,ID,Idaho,COM,commercial,100438,6.68,32.03385,479.29323
2009-10,ID,Idaho,IND,industrial,26370,4.71,27.35222,580.20302
2009-10,ID,Idaho,OTH,other,,,,
2009-10,ID,Idaho,RES,residential,661532,8.17,49.13051,601.11033
2009-10,ID,Idaho,TRA,transportation,0,0,0,0
2009-10,IL,Illinois,ALL,all sectors,5635430,8.96,953.05939,10632.37221
2009-10,IL,Illinois,COM,commercial,575661,8.87,355.15415,4004.60926
2009-11,AZ,Arizona,OTH,other,,,,
2009-11,AZ,Arizona,RES,residential,2549653,9.86,185.69672,1883.89408
2009-11,AZ,Arizona,TRA,transportation,0,0,0,0
2009-11,AR,Arkansas,ALL,all sectors,1525487,7.2,227.87619,3162.99592
2009-11,AR,Arkansas,COM,commercial,177685,7.38,63.15618,855.77377
2009-11,AR,Arkansas,IND,industrial,30807,5.53,70.07447,1266.78538
2009-11,AR,Arkansas,OTH,other,,,,
2009-11,AR,Arkansas,RES,residential,1316993,9.1,94.64192,1040.40718
2009-11,AR,Arkansas,TRA,transportation,2,12.22,.00362,.02959
2009-11,CA,California,ALL,all sectors,14303681,11.36,2176.60451,19159.06335
2009-11,CA,California,COM,commercial,1733241,10.98,1007.39058,9172.50355
2009-11,CA,California,IND,industrial,74931,8.78,333.20297,3795.37038
2009-11,CA,California,OTH,other,,,,
2009-11,CA,California,RES,residential,12495014,13.56,830.21426,6122.28539
2009-11,CA,California,TRA,transportation,495,8.41,5.7967,68.90402
2009-11,CO,Colorado,ALL,all sectors,2479541,8.71,352.53337,4047.9079
2009-12,AL,Alabama,ALL,all sectors,2493148,8.66,603.26038,6964.80012
2009-12,AL,Alabama,COM,commercial,351480,9.91,166.40813,1679.99478
2009-12,AL,Alabama,IND,industrial,9181,6.49,160.1034,2466.12042
2009-12,AL,Alabama,OTH,other,,,,
2009-12,AL,Alabama,RES,residential,2132487,9.82,276.74884,2818.68492
2009-12,AL,Alabama,TRA,transportation,0,0,0,0
2009-12,AK,Alaska,ALL,all sectors,319030,14.76,87.68492,594.00632
2010-01,MAT,Middle Atlantic,IND,industrial,48922,8.05,436.06306,5413.97449
2010-01,MAT,Middle Atlantic,OTH,other,,,,
2010-01,MAT,Middle Atlantic,RES,residential,15622980,14.43,1915.19376,13274.57855
2010-01,MAT,Middle Atlantic,TRA,transportation,59,11.91,44.8619,376.6054
2010-01,ENC,East North Central,ALL,all sectors,22004916,8.7,4484.83883,51531.00649
2010-01,ENC,East North Central,COM,commercial,2391647,9.04,1402.08869,15514.14682
2010-01,ENC,East North Central,IND,industrial,62077,6.41,1004.73098,15669.0624
2010-01,ENC,East North Central,OTH,other,,,,
2010-01,ENC,East North Central,RES,residential,19551184,10.22,2072.97579,20274.87583
2010-01,ENC,East North Central,TRA,transportation,8,6.92,5.04336,72.92144
2010-01,WNC,West North Central,ALL,all sectors,10455626,7.05,1910.21765,27081.69528
2010-01,WNC,West North Central,COM,commercial,1357081,6.9,587.10069,8504.99752
2010-01,WNC,West North Central,IND,industrial,83391,5.37,353.88875,6587.48994
2010-01,WNC,West North Central,OTH,other,,,,
2010-01,WNC,West North Central,RES,residential,9015152,8.09,968.98221,11984.98982
2010-01,WNC,West North Central,TRA,transportation,2,5.83,.246,4.218
2010-01,SAT,South Atlantic,ALL,all sectors,29198037,8.93,6739.7791,75448.07201
2010-01,SAT,South Atlantic,COM,commercial,3508817,8.56,2159.84777,25229.98941
2010-01,SAT,South Atlantic,IND,industrial,75390,6.51,678.40464,10422.53891
2010-01,SAT,South Atlantic,OTH,other,,,,
2010-01,SAT,South Atlantic,RES,residential,25613788,9.81,3891.29506,39678.4647
2010-01,SAT,South Atlantic,TRA,transportation,42,8.74,10.23163,117.07898
2010-01,ESC,East South Central,ALL,all sectors,9340163,7.59,2347.26974,30937.93329
2010-01,ESC,East South Central,COM,commercial,1331347,8.74,605.30497,6923.06234
2010-01,ESC,East South Central,IND,industrial,22099,5.38,539.51138,10023.40278
2010-01,ESC,East South Central,OTH,other,,,,
2010-01,ESC,East South Central,RES,residential,7986716,8.59,1202.4344,13991.26818
2010-04,AL,Alabama,ALL,all sectors,2489510,8.62,537.81939,6239.46822
2010-04,AL,Alabama,COM,commercial,354718,10.23,170.97293,1671.24232
2010-04,AL,Alabama,IND,industrial,6908,5.77,153.93204,2666.15067
2010-04,AL,Alabama,OTH,other,,,,
2010-04,AL,Alabama,RES,residential,2127884,11.19,212.91442,1902.07524
2010-07,NEW,New England,ALL,all sectors,7051462,14.97,1796.94896,12006.41928
2010-07,NEW,New England,COM,commercial,829440,14.8,648.64779,4382.8506
2010-07,NEW,New England,IND,industrial,29391,13.43,334.24717,2489.39143
2010-07,NEW,New England,OTH,other,,,,
2010-07,NEW,New England,RES,residential,6192626,15.92,810.13866,5088.85235
2010-07,NEW,New England,TRA,transportation,5,8.64,3.91534,45.32491
2010-07,MAT,Middle Atlantic,ALL,all sectors,17894938,14.93,5620.94347,37647.4982
2010-07,MAT,Middle Atlantic,COM,commercial,2196727,15.33,2465.20454,16081.52855
2010-07,MAT,Middle Atlantic,IND,industrial,48472,8.96,537.10818,5991.31286
2010-07,MAT,Middle Atlantic,OTH,other,,,,
2010-07,MAT,Middle Atlantic,RES,residential,15649695,16.91,2572.93748,15212.18823
2010-07,MAT,Middle Atlantic,TRA,transportation,44,12.61,45.69327,362.46856
2010-07,ENC,East North Central,ALL,all sectors,21966030,9.59,5441.12041,56766.85512
2010-07,ENC,East North Central,COM,commercial,2393044,9.53,1678.08395,17602.22168
2010-07,ENC,East North Central,IND,industrial,64569,6.73,1156.13965,17171.02871
2010-07,ENC,East North Central,OTH,other,,,,
2010-07,ENC,East North Central,RES,residential,19508408,11.86,2603.39104,21943.21164
2010-07,ENC,East North Central,TRA,transportation,9,6.96,3.50578,50.39309
2010-07,WNC,West North Central,ALL,all sectors,10550431,9.09,2578.89114,28375.04779
2010-07,WNC,West North Central,COM,commercial,1369010,8.89,838.17708,9430.7184
2010-07,WNC,West North Central,IND,industrial,130722,6.65,510.39187,7676.70899
2010-07,WNC,West North Central,OTH,other,,,,
2010-07,WNC,West North Central,RES,residential,9050697,10.92,1230.0302,11264.1014
2010-11,NV,Nevada,COM,commercial,154207,9.58,66.86398,698.26139
2010-11,NV,Nevada,IND,industrial,3392,5,55.52403,1110.20248
2010-11,NV,Nevada,OTH,other,,,,
2010-11,NV,Nevada,RES,residential,1059595,12.6,74.85005,594.1247
2010-11,NV,Nevada,TRA,transportation,18,8.02,.049,.611
2010-11,NH,New Hampshire,ALL,all sectors,704261,15.18,123.30387,812.32028
2010-11,NH,New Hampshire,COM,commercial,104486,14.59,48.52417,332.69405
2010-11,NH,New Hampshire,IND,industrial,3482,12.89,20.01124,155.27382
2010-11,NH,New Hampshire,OTH,other,,,,
2010-11,NH,New Hampshire,RES,residential,596293,16.89,54.76846,324.35241
2010-11,NH,New Hampshire,TRA,transportation,0,0,0,0
2010-11,NJ,New Jersey,ALL,all sectors,3941925,13.98,785.15565,5615.36306
2010-11,NJ,New Jersey,COM,commercial,473652,13.18,400.21796,3035.53494
2010-11,NJ,New Jersey,IND,industrial,12819,11.26,75.27394,668.25102
2010-11,NJ,New Jersey,OTH,other,,,,
2010-11,NJ,New Jersey,RES,residential,3455448,16.28,307.19729,1887.49125
2010-11,NJ,New Jersey,TRA,transportation,6,10.24,2.46645,24.08586
2010-11,NM,New Mexico,ALL,all sectors,997932,7.73,132.37478,1712.08174
2010-11,NM,New Mexico,COM,commercial,135684,8.07,55.93114,693.26097
2010-11,NM,New Mexico,IND,industrial,7379,5.46,30.05442,550.01569
2010-11,NM,New Mexico,OTH,other,,,,
2010-11,NM,New Mexico,RES,residential,854869,9.9,46.38923,468.80508
2010-11,NM,New Mexico,TRA,transportation,0,0,0,0
2010-11,NY,New York,ALL,all sectors,8009612,15.9,1697.60807,10677.07913
2010-11,NY,New York,COM,commercial,1032689,15.91,916.18427,5758.27181
2010-11,NY,New York,IND,industrial,8271,8.3,89.3205,1076.02154
2010-11,NY,New York,OTH,other,,,,
2010-11,NY,New York,RES,residential,6968631,18.25,659.2644,3611.57084
2010-11,NY,New York,TRA,transportation,21,14.2,32.83891,231.21495
2010-11,NC,North Carolina,ALL,all sectors,4862443,8.19,762.17946,9306.90761
2010-11,NC,North Carolina,COM,commercial,647459,7.87,273.86799,3479.31477
2010-11,NC,North Carolina,IND,industrial,10926,5.77,132.91682,2303.14397
2010-11,NC,North Carolina,OTH,other,,,,
2010-11,NC,North Carolina,RES,residential,4204050,10.08,355.36078,3523.95398
2010-11,NC,North Carolina,TRA,transportation,8,6.84,.03387,.49488
2010-12,IL,Illinois,ALL,all sectors,5668119,8.48,1060.44936,12504.70922
2010-12,IL,Illinois,COM,commercial,582374,8.02,348.02984,4341.21684
2010-12,IL,Illinois,IND,industrial,6050,6.52,242.28149,3717.57419
2010-12,IL,Illinois,OTH,other,,,,
2010-12,IL,Illinois,RES,residential,5079692,10.64,466.15296,4382.51051
2010-12,IL,Illinois,TRA,transportation,3,6.28,3.98508,63.40768
2010-12,IN,Indiana,ALL,all sectors,3111694,7.8,731.99929,9384.00197
2010-12,IN,Indiana,COM,commercial,341542,8.56,170.50353,1991.71416
2010-12,IN,Indiana,IND,industrial,18641,6,231.88663,3862.09426
2010-12,IN,Indiana,OTH,other,,,,
2010-12,IN,Indiana,RES,residential,2751510,9.34,329.39902,3528.02166
2010-12,IN,Indiana,TRA,transportation,1,9.67,.21012,2.17189
2010-12,IA,Iowa,ALL,all sectors,1557338,7.37,299.29083,4061.85919
2010-12,IA,Iowa,COM,commercial,218556,7.36,77.94221,1059.37453
2010-12,IA,Iowa,IND,industrial,6106,5.11,77.81117,1523.49255
2010-12,IA,Iowa,OTH,other,,,,
2010-12,IA,Iowa,RES,residential,1332676,9.71,143.53745,1478.99211
2010-12,IA,Iowa,TRA,transportation,0,0,0,0
2010-12,KS,Kansas,ALL,all sectors,1407902,8.04,262.50237,3265.63932
2010-12,KS,Kansas,COM,commercial,220169,7.86,94.6572,1204.80638
2010-01,VA,Virginia,RES,residential,3199220,9.96,554.11753,5561.80017
2010-01,VA,Virginia,TRA,transportation,1,7.68,1.29167,16.819
2010-01,WA,Washington,ALL,all sectors,3189468,6.66,589.35945,8854.87884
2010-01,WA,Washington,COM,commercial,352303,7.18,182.75293,2544.23455
2010-01,WA,Washington,IND,industrial,24640,4.02,86.48089,2149.16832
2010-01,WA,Washington,OTH,other,,,,
2010-01,WA,Washington,RES,residential,2812518,7.69,320.08728,4160.9464
2010-01,WA,Washington,TRA,transportation,7,7.24,.03835,.52956
2010-01,WV,West Virginia,ALL,all sectors,1017686,7.28,230.21518,3161.34223
2010-01,WV,West Virginia,COM,commercial,137000,7.24,49.90975,688.97199
2008-07,NEW,New England,IND,industrial,27965,14.32,262.16106,1830.29151
2008-07,NEW,New England,OTH,other,,,,
2008-07,NEW,New England,RES,residential,6133982,17.73,846.94565,4776.5967
2008-07,NEW,New England,TRA,transportation,6,14.77,6.19699,41.94456
2008-07,MAT,Middle Atlantic,ALL,all sectors,17754943,14.97,5456.4521,36446.20538
2008-07,MAT,Middle Atlantic,COM,commercial,2177533,16.14,2562.59789,15877.2077
2008-07,MAT,Middle Atlantic,IND,industrial,49665,8.95,562.31748,6282.99997
2008-07,MAT,Middle Atlantic,OTH,other,,,,
2008-07,MAT,Middle Atlantic,RES,residential,15527702,16.4,2286.26708,13942.64994
2008-07,MAT,Middle Atlantic,TRA,transportation,43,13.18,45.26965,343.34778
2008-07,ENC,East North Central,ALL,all sectors,22030292,9.1,5004.20594,55019.72117
2008-07,ENC,East North Central,COM,commercial,2393726,9.37,1641.34797,17513.57047
2008-07,ENC,East North Central,IND,industrial,64624,6.86,1250.2827,18220.72744
2008-07,ENC,East North Central,OTH,other,,,,
2008-07,ENC,East North Central,RES,residential,19571934,10.96,2108.30639,19235.14279
2008-07,ENC,East North Central,TRA,transportation,8,8.49,4.26888,50.28046
2008-07,WNC,West North Central,ALL,all sectors,10522807,8.14,2240.92056,27530.95276
2008-07,WNC,West North Central,COM,commercial,1377844,8.08,756.01077,9352.30675
2008-07,WNC,West North Central,IND,industrial,118267,6.03,477.04826,7910.73149
2008-07,WNC,West North Central,OTH,other,,,,
2008-07,WNC,West North Central,RES,residential,9026694,9.82,1007.56353,10263.81152
2008-07,WNC,West North Central,TRA,transportation,2,7.26,.298,4.103
2008-07,SAT,South Atlantic,ALL,all sectors,29074441,9.94,7757.90015,78040.24833
2008-07,SAT,South Atlantic,COM,commercial,3515892,9.72,2841.10853,29237.57564
2008-07,SAT,South Atlantic,IND,industrial,81160,6.94,900.60806,12982.4059
2008-07,SAT,South Atlantic,OTH,other,,,,
2008-07,SAT,South Atlantic,RES,residential,25477354,11.21,4003.18059,35702.49334
2008-07,SAT,South Atlantic,TRA,transportation,35,11.04,13.00297,117.77345
2008-07,ESC,East South Central,ALL,all sectors,9353883,8.57,2661.53347,31054.78746
2008-07,ESC,East South Central,COM,commercial,1353874,9.41,776.14111,8248.77721
2008-07,ESC,East South Central,IND,industrial,26006,6.46,681.5846,10550.89745
2008-07,ESC,East South Central,OTH,other,,,,
2008-07,ESC,East South Central,RES,residential,7974002,9.82,1203.79576,12255.00281
2008-07,ESC,East South Central,TRA,transportation,1,10.91,.012,.11
2008-07,WSC,West South Central,ALL,all sectors,16696508,11.31,6124.5316,54134.64483
2008-07,WSC,West South Central,COM,commercial,2122596,10.96,1855.35439,16921.35068
2008-07,WSC,West South Central,IND,industrial,235135,9.33,1380.77262,14799.99464
2008-07,WSC,West South Central,OTH,other,,,,
2008-07,WSC,West South Central,RES,residential,14338712,12.89,2887.76402,22405.88716
2008-07,WSC,West South Central,TRA,transportation,65,8.64,.64057,7.41234
2008-07,MTN,Mountain,ALL,all sectors,10321437,9.02,2502.30275,27756.01281
2008-07,MTN,Mountain,COM,commercial,1329238,8.96,817.04646,9122.50179
2008-07,MTN,Mountain,IND,industrial,85171,6.86,528.45499,7703.32794
2008-07,MTN,Mountain,OTH,other,,,,
2008-07,MTN,Mountain,RES,residential,8907002,10.58,1156.09168,10922.48495
2008-07,MTN,Mountain,TRA,transportation,26,9.22,.70962,7.69813
2008-07,PACC,Pacific Contiguous,ALL,all sectors,20086616,11.58,4311.40248,37224.53465
2008-07,PACC,Pacific Contiguous,COM,commercial,2425430,12.24,1969.05527,16088.19431
2008-07,PACC,Pacific Contiguous,IND,industrial,136304,8.67,676.58055,7805.03881
2008-07,PACC,Pacific Contiguous,OTH,other,,,,
2008-07,PACC,Pacific Contiguous,RES,residential,17524330,12.52,1659.63777,13255.39896
2008-07,PACC,Pacific Contiguous,TRA,transportation,552,8.07,6.12888,75.90258
2008-07,PACN,Pacific Noncontiguous,ALL,all sectors,790929,26.18,363.34152,1387.61123
2008-07,PACN,Pacific Noncontiguous,COM,commercial,109116,24.73,130.45076,527.53387
2008-07,PACN,Pacific Noncontiguous,IND,industrial,2276,25.23,111.12868,440.39355
2008-07,PACN,Pacific Noncontiguous,OTH,other,,,,
2008-07,PACN,Pacific Noncontiguous,RES,residential,679537,29.01,121.76208,419.68382
2008-07,PACN,Pacific Noncontiguous,TRA,transportation,0,0,0,0
2008-07,US,U.S. Total,ALL,all sectors,143629292,10.65,38400.04009,360426.56763
2008-07,US,U.S. Total,COM,commercial,17640732,11.1,14211.259,128072.03466
2008-07,US,U.S. Total,IND,industrial,826573,7.72,6830.939,88526.8087
2008-07,US,U.S. Total,OTH,other,,,,
2008-07,US,U.S. Total,RES,residential,125161249,12.07,17281.31454,143179.15198
2008-07,US,U.S. Total,TRA,transportation,738,11.8,76.52755,648.57229
2008-08,NV,Nevada,OTH,other,,,,
2008-08,NV,Nevada,RES,residential,1059833,11.23,189.39604,1686.8798
2008-08,NV,Nevada,TRA,transportation,17,10.06,.081,.8049
2008-08,NH,New Hampshire,ALL,all sectors,704395,15.1,148.50621,983.73996
2008-08,NH,New Hampshire,COM,commercial,103631,14.87,60.69833,408.24578
2008-08,NH,New Hampshire,IND,industrial,3637,13.65,25.22308,184.78146
2010-01,WV,West Virginia,IND,industrial,12251,5.71,51.65192,904.48574
2010-01,WV,West Virginia,OTH,other,,,,
2010-01,WV,West Virginia,RES,residential,868434,8.21,128.61951,1567.53613
2010-01,WV,West Virginia,TRA,transportation,1,9.76,.03401,.34838
2010-01,WI,Wisconsin,ALL,all sectors,2939430,9.57,582.87476,6091.80996
2010-01,WI,Wisconsin,COM,commercial,338810,9.6,188.31065,1960.62444
2010-01,WI,Wisconsin,IND,industrial,4032,6.51,119.38928,1833.01386
2010-01,WI,Wisconsin,OTH,other,,,,
2010-01,WI,Wisconsin,RES,residential,2596588,11.97,275.17483,2298.17166
2010-01,WI,Wisconsin,TRA,transportation,0,0,0,0
2010-01,WY,Wyoming,ALL,all sectors,325287,6.1,96.34877,1578.33151
2010-01,WY,Wyoming,COM,commercial,59474,7.06,26.28227,372.04531
2010-01,WY,Wyoming,IND,industrial,8630,4.91,42.26523,860.34207
2010-01,WY,Wyoming,OTH,other,,,,
2010-01,WY,Wyoming,RES,residential,257183,8.04,27.80127,345.94413
2010-01,WY,Wyoming,TRA,transportation,0,0,0,0
2010-01,NEW,New England,ALL,all sectors,7036481,15.05,1648.68573,10956.27506
2010-01,NEW,New England,COM,commercial,845410,14.74,569.92497,3865.24359
2010-01,NEW,New England,IND,industrial,30269,13.01,295.50475,2271.04857
2010-01,NEW,New England,OTH,other,,,,
2010-01,NEW,New England,RES,residential,6160797,16.33,778.36068,4767.38773
2010-01,NEW,New England,TRA,transportation,5,9.31,4.89534,52.59516
2010-01,MAT,Middle Atlantic,ALL,all sectors,17866971,12.84,4232.85775,32976.84768
2010-01,MAT,Middle Atlantic,COM,commercial,2195010,13.2,1836.73903,13911.68925
2008-07,PA,Pennsylvania,IND,industrial,27533,7.1,294.43051,4148.92043
2008-07,PA,Pennsylvania,OTH,other,,,,
2008-07,PA,Pennsylvania,RES,residential,5227981,12.22,633.45427,5183.08951
2008-07,PA,Pennsylvania,TRA,transportation,14,8.4,5.68199,67.63856
2008-07,RI,Rhode Island,ALL,all sectors,491965,16.88,139.88563,828.69035
2008-07,RI,Rhode Island,COM,commercial,55872,16.25,61.5812,378.88629
2008-07,RI,Rhode Island,IND,industrial,2035,15.58,14.69826,94.31313
2008-07,RI,Rhode Island,OTH,other,,,,
2008-07,RI,Rhode Island,RES,residential,434058,17.89,63.60617,355.49094
2008-07,RI,Rhode Island,TRA,transportation,0,0,0,0
2008-07,SC,South Carolina,ALL,all sectors,2429675,8.3,653.19527,7873.82874
2008-07,SC,South Carolina,COM,commercial,343484,8.55,184.42562,2156.28741
2008-07,SC,South Carolina,IND,industrial,4756,5.64,140.56515,2491.40147
2008-07,SC,South Carolina,OTH,other,,,,
2008-07,SC,South Carolina,RES,residential,2081435,10.17,328.20451,3226.13985
2008-07,SC,South Carolina,TRA,transportation,0,0,0,0
2008-07,SD,South Dakota,ALL,all sectors,433139,7.45,70.02087,940.15598
2008-07,SD,South Dakota,COM,commercial,65339,7.16,26.92916,376.18797
2008-07,SD,South Dakota,IND,industrial,3577,5.41,11.55697,213.47577
2008-07,SD,South Dakota,OTH,other,,,,
2008-07,SD,South Dakota,RES,residential,364223,9,31.53474,350.49224
2008-07,SD,South Dakota,TRA,transportation,0,0,0,0
2008-07,TN,Tennessee,ALL,all sectors,3153051,8.35,809.81929,9692.69667
2008-07,TN,Tennessee,COM,commercial,460870,9.19,259.98211,2829.51158
2008-07,TN,Tennessee,IND,industrial,2095,6.61,184.12086,2783.64455
2008-07,TN,Tennessee,OTH,other,,,,
2008-07,TN,Tennessee,RES,residential,2690085,8.96,365.70431,4079.43054
2008-07,TN,Tennessee,TRA,transportation,1,10.91,.012,.11
2008-07,TX,Texas,ALL,all sectors,11041611,12.22,4373.88246,35785.37293
2008-07,TX,Texas,COM,commercial,1414423,11.58,1335.8755,11531.25862
2008-07,TX,Texas,IND,industrial,160417,10.15,967.05272,9523.52833
2008-07,TX,Texas,OTH,other,,,,
2008-07,TX,Texas,RES,residential,9466729,14.06,2070.36495,14723.67213
2008-07,TX,Texas,TRA,transportation,42,8.52,.58929,6.91384
2008-07,UT,Utah,ALL,all sectors,1049490,7.13,204.68824,2869.30634
2008-07,UT,Utah,COM,commercial,115570,6.74,69.80489,1035.21834
2008-07,UT,Utah,IND,industrial,9512,5.26,39.24932,745.86689
2008-07,UT,Utah,OTH,other,,,,
2008-07,UT,Utah,RES,residential,924400,8.79,95.41741,1085.52088
2008-07,UT,Utah,TRA,transportation,8,8.02,.21662,2.70024
2008-07,VT,Vermont,ALL,all sectors,358666,12.37,62.87712,508.44267
2008-07,VT,Vermont,COM,commercial,52302,12.48,23.28814,186.64071
2008-07,VT,Vermont,IND,industrial,315,9.19,12.29844,133.84106
2008-07,VT,Vermont,OTH,other,,,,
2008-07,VT,Vermont,RES,residential,306049,14.52,27.29054,187.96091
2008-07,VT,Vermont,TRA,transportation,0,0,0,0
2008-07,VA,Virginia,ALL,all sectors,3578131,8.92,940.85946,10548.67093
2008-07,VA,Virginia,COM,commercial,404575,8.01,353.59613,4412.11401
2008-07,VA,Virginia,IND,industrial,5329,6.26,101.48385,1621.61106
2008-07,VA,Virginia,OTH,other,,,,
2008-07,VA,Virginia,RES,residential,3168226,10.77,484.4804,4498.81186
2008-07,VA,Virginia,TRA,transportation,1,8.05,1.29909,16.134
2008-07,WA,Washington,ALL,all sectors,3176510,6.47,439.48494,6792.15387
2008-07,WA,Washington,COM,commercial,351559,6.67,164.55993,2465.64174
2008-07,WA,Washington,IND,industrial,31140,4.58,85.30418,1863.6641
2008-07,WA,Washington,OTH,other,,,,
2008-07,WA,Washington,RES,residential,2793807,7.7,189.61511,2462.75089
2008-07,WA,Washington,TRA,transportation,4,5.9,.00573,.09715
2008-07,WV,West Virginia,ALL,all sectors,1010173,5.68,163.63718,2878.55824
2008-07,WV,West Virginia,COM,commercial,135851,5.96,42.08684,706.07362
2008-07,WV,West Virginia,IND,industrial,11994,4.32,52.54193,1216.1189
2008-07,WV,West Virginia,OTH,other,,,,
2008-07,WV,West Virginia,RES,residential,862327,7.22,68.99211,956.07615
2008-07,WV,West Virginia,TRA,transportation,1,5.63,.01631,.28957
2008-07,WI,Wisconsin,ALL,all sectors,2921061,9.46,609.21465,6442.15453
2008-07,WI,Wisconsin,COM,commercial,334036,9.69,212.63884,2193.79939
2008-07,WI,Wisconsin,IND,industrial,5670,6.98,155.50475,2228.55478
2008-07,WI,Wisconsin,OTH,other,,,,
2008-07,WI,Wisconsin,RES,residential,2581355,11.94,241.07107,2019.80036
2008-07,WI,Wisconsin,TRA,transportation,0,0,0,0
2008-07,WY,Wyoming,ALL,all sectors,323321,5.87,81.68681,1392.11395
2008-07,WY,Wyoming,COM,commercial,60117,6.91,23.87678,345.76391
2008-07,WY,Wyoming,IND,industrial,9449,4.72,39.92017,846.25482
2008-07,WY,Wyoming,OTH,other,,,,
2008-07,WY,Wyoming,RES,residential,253755,8.94,17.88985,200.09522
2008-07,WY,Wyoming,TRA,transportation,0,0,0,0
2008-07,NEW,New England,ALL,all sectors,6997436,16.71,1977.44954,11831.84903
2008-07,NEW,New England,COM,commercial,835483,16.63,862.14584,5183.01626
2008-08,KY,Kentucky,OTH,other,,,,
2008-08,KY,Kentucky,RES,residential,1931800,8.16,215.74422,2643.40856
2008-08,KY,Kentucky,TRA,transportation,0,0,0,0
2008-08,LA,Louisiana,ALL,all sectors,2214353,11.07,887.07823,8015.50799
2010-11,MAT,Middle Atlantic,ALL,all sectors,17904739,13.19,3611.28674,27374.37526
2010-11,MAT,Middle Atlantic,COM,commercial,2186253,13.54,1671.04111,12340.00981
2010-11,MAT,Middle Atlantic,IND,industrial,48386,8.24,436.81653,5300.80514
2010-11,MAT,Middle Atlantic,OTH,other,,,,
2010-11,MAT,Middle Atlantic,RES,residential,15670059,15.54,1462.35839,9410.53112
2010-11,MAT,Middle Atlantic,TRA,transportation,41,12.71,41.07071,323.02918
2010-11,ENC,East North Central,ALL,all sectors,21962794,9.03,3942.95346,43657.99781
2010-11,ENC,East North Central,COM,commercial,2392011,9.38,1340.25698,14287.16867
2010-11,ENC,East North Central,IND,industrial,61998,6.55,1050.49712,16029.84525
2010-11,ENC,East North Central,OTH,other,,,,
2010-11,ENC,East North Central,RES,residential,19508777,11.65,1548.98183,13292.36499
2010-11,ENC,East North Central,TRA,transportation,8,6.62,3.21753,48.61889
2010-11,WNC,West North Central,ALL,all sectors,10504274,7.62,1682.19032,22079.59706
2010-12,NE,Nebraska,RES,residential,803462,7.98,80.5061,1008.49992
2010-12,NE,Nebraska,TRA,transportation,0,0,0,0
2010-12,NV,Nevada,ALL,all sectors,1222927,8.51,217.43008,2555.32259
2010-12,NV,Nevada,COM,commercial,154685,8.97,60.7746,677.37632
2010-12,NV,Nevada,IND,industrial,3271,5.65,58.12454,1028.86403
2010-12,NV,Nevada,OTH,other,,,,
2010-12,NV,Nevada,RES,residential,1064953,11.61,98.47894,848.43523
2010-12,NV,Nevada,TRA,transportation,18,8.04,.052,.647
2010-12,NH,New Hampshire,ALL,all sectors,704956,14.91,135.03627,905.83405
2010-12,NH,New Hampshire,COM,commercial,104407,14.15,51.19759,361.84995
2010-12,NH,New Hampshire,IND,industrial,3479,12.76,19.55549,153.21717
2010-12,NH,New Hampshire,OTH,other,,,,
2010-12,NH,New Hampshire,RES,residential,597070,16.45,64.28319,390.76693
2010-12,NH,New Hampshire,TRA,transportation,0,0,0,0
2016-11,AK,Alaska,TRA,transportation,0,0,0,0
2016-11,AZ,Arizona,ALL,all sectors,3068195,9.47,499.22509,5273.34591
2016-11,AZ,Arizona,COM,commercial,319219,9.57,211.29869,2208.38006
2016-11,AZ,Arizona,IND,industrial,8234,5.7,65.22504,1145.26482
2016-11,AZ,Arizona,OTH,other,,,,
2016-11,AZ,Arizona,RES,residential,2740740,11.6,222.64407,1919.10265
2016-11,AZ,Arizona,TRA,transportation,2,9.57,.05729,.59838
2016-11,AR,Arkansas,ALL,all sectors,1598894,7.86,267.37714,3402.84505
2016-11,AR,Arkansas,COM,commercial,190964,8.12,77.616,956.38624
2008-03,TX,Texas,IND,industrial,163475,8.18,712.35559,8705.14494
2008-03,TX,Texas,OTH,other,,,,
2008-03,TX,Texas,RES,residential,9456314,11.97,1010.69109,8444.92439
2008-03,TX,Texas,TRA,transportation,42,8.57,.46567,5.43082
2008-03,UT,Utah,ALL,all sectors,1046610,5.96,130.24362,2183.99002
2008-03,UT,Utah,COM,commercial,114194,6.28,46.51993,740.85685
2008-03,UT,Utah,IND,industrial,9340,4.1,32.19279,784.73802
2008-03,UT,Utah,OTH,other,,,,
2008-03,UT,Utah,RES,residential,923068,7.83,51.30605,655.51341
2008-03,UT,Utah,TRA,transportation,8,7.8,.22485,2.88175
2008-03,VT,Vermont,ALL,all sectors,354625,12.49,61.0867,489.25375
2008-03,VT,Vermont,COM,commercial,49229,12.61,21.26502,168.58683
2008-03,VT,Vermont,IND,industrial,315,9.5,12.28751,129.38433
2008-03,VT,Vermont,OTH,other,,,,
2008-03,VT,Vermont,RES,residential,305081,14.39,27.53418,191.28259
2008-03,VT,Vermont,TRA,transportation,0,0,0,0
2008-03,VA,Virginia,ALL,all sectors,3570335,7.11,605.10231,8512.15708
2008-03,VA,Virginia,COM,commercial,402828,6.56,223.94989,3413.30982
2008-03,VA,Virginia,IND,industrial,5246,5.09,80.54728,1583.2408
2008-03,VA,Virginia,OTH,other,,,,
2008-03,VA,Virginia,RES,residential,3162260,8.56,299.54188,3500.67147
2008-03,VA,Virginia,TRA,transportation,1,7.12,1.06326,14.935
2008-03,WA,Washington,ALL,all sectors,3166653,6.65,525.1663,7893.99875
2008-03,WA,Washington,COM,commercial,350105,6.86,173.78213,2533.99774
2008-03,WA,Washington,IND,industrial,30762,4.65,81.31505,1747.95594
2008-03,WA,Washington,OTH,other,,,,
2008-03,WA,Washington,RES,residential,2785782,7.48,270.06022,3611.88815
2008-03,WA,Washington,TRA,transportation,4,5.67,.0089,.15692
2008-03,WV,West Virginia,ALL,all sectors,1011387,5.45,157.94786,2900.27539
2008-03,WV,West Virginia,COM,commercial,135242,5.99,36.03016,601.47917
2008-03,WV,West Virginia,IND,industrial,11958,4.02,48.57347,1208.89741
2008-03,WV,West Virginia,OTH,other,,,,
2008-03,WV,West Virginia,RES,residential,864186,6.73,73.31527,1089.46442
2008-03,WV,West Virginia,TRA,transportation,1,6.67,.02897,.43439
2008-03,WI,Wisconsin,ALL,all sectors,2911258,8.65,509.52297,5889.39998
2008-03,WI,Wisconsin,COM,commercial,331657,8.86,174.42741,1968.50596
2008-03,WI,Wisconsin,IND,industrial,5635,6.22,127.22269,2046.4923
2008-03,WI,Wisconsin,OTH,other,,,,
2008-03,WI,Wisconsin,RES,residential,2573966,11.09,207.87288,1874.40173
2008-03,WI,Wisconsin,TRA,transportation,0,0,0,0
2008-03,WY,Wyoming,ALL,all sectors,319170,5.51,77.05993,1399.34925
2008-03,WY,Wyoming,COM,commercial,58075,6.6,24.67708,374.16945
2008-03,WY,Wyoming,IND,industrial,9324,4.21,32.2196,765.18164
2008-03,WY,Wyoming,OTH,other,,,,
2008-03,WY,Wyoming,RES,residential,251771,7.76,20.16325,259.99817
2008-03,WY,Wyoming,TRA,transportation,0,0,0,0
2008-03,NEW,New England,ALL,all sectors,6997581,15.42,1592.51971,10326.05172
2008-03,NEW,New England,COM,commercial,830935,15.02,670.00616,4460.59814
2008-03,NEW,New England,IND,industrial,27953,12.96,225.86773,1742.88221
2008-03,NEW,New England,OTH,other,,,,
2008-03,NEW,New England,RES,residential,6138687,16.97,691.73845,4075.54579
2008-03,NEW,New England,TRA,transportation,6,10.44,4.90737,47.02558
2008-03,MAT,Middle Atlantic,ALL,all sectors,17746549,12.09,3740.01035,30947.31592
2008-03,MAT,Middle Atlantic,COM,commercial,2170120,12.7,1728.55974,13608.91114
2008-03,MAT,Middle Atlantic,IND,industrial,49759,8.05,486.37417,6045.0319
2008-03,MAT,Middle Atlantic,OTH,other,,,,
2008-03,MAT,Middle Atlantic,RES,residential,15526625,13.56,1487.41433,10967.11156
2008-03,MAT,Middle Atlantic,TRA,transportation,45,11.54,37.66211,326.26132
2008-03,ENC,East North Central,ALL,all sectors,22092514,8.04,3943.48181,49026.2617
2008-03,ENC,East North Central,COM,commercial,2391689,8.67,1302.16445,15015.04359
2008-03,ENC,East North Central,IND,industrial,64530,6.06,1078.05251,17804.1522
2008-03,ENC,East North Central,OTH,other,,,,
2008-03,ENC,East North Central,RES,residential,19636287,9.66,1558.89833,16143.05476
2008-03,ENC,East North Central,TRA,transportation,8,6.82,4.36652,64.01115
2008-03,WNC,West North Central,ALL,all sectors,10480349,6.65,1592.43538,23934.91688
2008-03,WNC,West North Central,COM,commercial,1355882,6.66,525.77823,7895.19795
2008-03,WNC,West North Central,IND,industrial,116034,5.06,360.87962,7138.89868
2008-03,WNC,West North Central,OTH,other,,,,
2008-03,WNC,West North Central,RES,residential,9008431,7.93,705.52453,8896.76826
2008-03,WNC,West North Central,TRA,transportation,2,6.24,.253,4.052
2008-03,SAT,South Atlantic,ALL,all sectors,29059749,8.7,5268.98754,60548.39747
2008-03,SAT,South Atlantic,COM,commercial,3504080,8.88,2022.80169,22773.94247
2008-03,SAT,South Atlantic,IND,industrial,81089,5.76,723.82634,12568.12914
2008-03,SAT,South Atlantic,OTH,other,,,,
2008-03,SAT,South Atlantic,RES,residential,25474546,10.01,2512.28563,25101.89137
2009-12,MD,Maryland,COM,commercial,243533,11.13,285.64258,2565.77743
2009-12,MD,Maryland,IND,industrial,8773,9.64,41.21041,427.63843
2009-12,MD,Maryland,OTH,other,,,,
2009-12,MD,Maryland,RES,residential,2193715,14.25,371.1174,2604.33616
2009-12,MD,Maryland,TRA,transportation,5,10.17,5.15828,50.70049
2009-12,MA,Massachusetts,ALL,all sectors,3065348,14.21,664.02103,4671.31774
2009-12,MA,Massachusetts,COM,commercial,377980,14.47,215.46668,1489.44296
2009-12,MA,Massachusetts,IND,industrial,16236,13.55,186.83624,1378.72244
2009-12,MA,Massachusetts,OTH,other,,,,
2009-12,MA,Massachusetts,RES,residential,2671131,14.67,259.65731,1769.46623
2009-12,MA,Massachusetts,TRA,transportation,1,6.12,2.0608,33.68611
2009-12,MI,Michigan,ALL,all sectors,4797934,9.64,845.14008,8770.57386
2009-12,MI,Michigan,COM,commercial,523503,9.43,304.50531,3227.44697
2009-12,MI,Michigan,IND,industrial,12624,7.48,176.65283,2362.44863
2009-12,MI,Michigan,OTH,other,,,,
2009-12,MI,Michigan,RES,residential,4261806,11.44,363.94244,3180.29925
2009-12,MI,Michigan,TRA,transportation,1,10.42,.0395,.379
2009-12,MN,Minnesota,ALL,all sectors,2577568,7.99,468.77677,5869.12989
2009-12,MN,Minnesota,COM,commercial,274077,7.64,147.73303,1933.54616
2009-12,MN,Minnesota,IND,industrial,8472,6.07,103.94132,1711.75058
2009-12,MN,Minnesota,OTH,other,,,,
2009-12,MN,Minnesota,RES,residential,2295018,9.76,216.95942,2222.01216
2009-12,MN,Minnesota,TRA,transportation,1,7.85,.143,1.821
2009-12,MS,Mississippi,ALL,all sectors,1475281,8.32,307.866,3701.39472
2009-12,MS,Mississippi,COM,commercial,222348,9.36,91.0197,972.76171
2009-12,MS,Mississippi,IND,industrial,6805,6.16,79.19749,1285.46874
2009-12,MS,Mississippi,OTH,other,,,,
2009-12,MS,Mississippi,RES,residential,1246128,9.54,137.64881,1443.16427
2009-12,MS,Mississippi,TRA,transportation,0,0,0,0
2009-12,MO,Missouri,ALL,all sectors,3067625,6.54,487.51476,7453.3194
2009-12,MO,Missouri,COM,commercial,368640,6.24,165.4856,2652.88865
2009-12,MO,Missouri,IND,industrial,8926,4.8,62.62511,1305.73526
2009-12,MO,Missouri,OTH,other,,,,
2009-12,MO,Missouri,RES,residential,2690058,7.42,259.31705,3492.85549
2009-12,MO,Missouri,TRA,transportation,1,4.73,.087,1.84
2009-12,MT,Montana,ALL,all sectors,572560,7.59,99.95091,1317.36965
2009-12,MT,Montana,COM,commercial,100695,8.19,34.95599,426.78341
2009-12,MT,Montana,IND,industrial,3408,5.39,20.07911,372.78061
2009-12,MT,Montana,OTH,other,,,,
2009-12,MT,Montana,RES,residential,468457,8.67,44.91582,517.80562
2009-12,MT,Montana,TRA,transportation,0,0,0,0
2009-12,NE,Nebraska,ALL,all sectors,987719,6.52,177.97831,2731.27011
2009-12,NE,Nebraska,COM,commercial,154565,6.95,57.29003,824.23578
2009-12,NE,Nebraska,IND,industrial,29268,4.9,44.43925,907.6637
2009-12,NE,Nebraska,OTH,other,,,,
2009-12,NE,Nebraska,RES,residential,803886,7.63,76.24903,999.37063
2009-12,NE,Nebraska,TRA,transportation,0,0,0,0
2009-12,NV,Nevada,ALL,all sectors,1213558,9.95,263.80074,2649.99585
2009-12,NV,Nevada,COM,commercial,153635,10.55,72.61913,688.19433
2009-12,NV,Nevada,IND,industrial,3420,7.01,74.76569,1065.81146
2009-12,NV,Nevada,OTH,other,,,,
2009-12,NV,Nevada,RES,residential,1056485,13,116.35986,895.37806
2009-12,NV,Nevada,TRA,transportation,18,9.16,.05606,.612
2009-12,NH,New Hampshire,ALL,all sectors,687215,14.84,132.22958,891.09109
2009-12,NH,New Hampshire,COM,commercial,92874,13.99,49.85651,356.48054
2009-12,NH,New Hampshire,IND,industrial,3180,13.37,19.46161,145.60494
2008-03,SD,South Dakota,ALL,all sectors,429963,6.84,64.40613,941.87428
2008-03,SD,South Dakota,COM,commercial,65072,6.65,23.16379,348.3297
2008-03,SD,South Dakota,IND,industrial,3387,5.21,9.57526,183.67347
2008-03,SD,South Dakota,OTH,other,,,,
2008-03,SD,South Dakota,RES,residential,361504,7.73,31.66708,409.87111
2008-03,SD,South Dakota,TRA,transportation,0,0,0,0
2008-03,TN,Tennessee,ALL,all sectors,3144422,7.29,619.6624,8497.11196
2009-11,NV,Nevada,ALL,all sectors,1208274,9.13,217.86563,2385.99222
2009-11,NV,Nevada,COM,commercial,153928,10.68,71.32957,668.14919
2009-11,NV,Nevada,IND,industrial,3460,5.9,67.35501,1140.71546
2009-11,NV,Nevada,OTH,other,,,,
2009-11,NV,Nevada,RES,residential,1050868,13.73,79.11998,576.45456
2009-11,NV,Nevada,TRA,transportation,18,9.07,.06107,.673
2009-11,NH,New Hampshire,ALL,all sectors,686118,14.71,121.12952,823.37617
2009-11,NH,New Hampshire,COM,commercial,92804,13.84,47.15596,340.74062
2009-11,NH,New Hampshire,IND,industrial,3180,13.06,19.16294,146.69467
2009-11,NH,New Hampshire,OTH,other,,,,
2009-11,NH,New Hampshire,RES,residential,590134,16.32,54.81061,335.94088
2009-11,NH,New Hampshire,TRA,transportation,0,0,0,0
2009-11,NJ,New Jersey,ALL,all sectors,3973392,13.6,738.44792,5428.59218
2009-11,NJ,New Jersey,COM,commercial,484556,12.86,376.35985,2926.83328
2009-11,NJ,New Jersey,IND,industrial,12810,11.48,70.88549,617.71987
2009-11,NJ,New Jersey,OTH,other,,,,
2009-11,NJ,New Jersey,RES,residential,3476020,15.5,288.29387,1860.23659
2009-11,NJ,New Jersey,TRA,transportation,6,12.22,2.9087,23.80244
2009-11,NM,New Mexico,ALL,all sectors,988961,7.52,127.59782,1697.46924
2009-11,NM,New Mexico,COM,commercial,135247,8.11,55.71794,686.61069
2009-11,NM,New Mexico,IND,industrial,6870,4.96,26.63084,536.65599
2009-11,NM,New Mexico,OTH,other,,,,
2009-11,NM,New Mexico,RES,residential,846844,9.54,45.24904,474.20257
2009-11,NM,New Mexico,TRA,transportation,0,0,0,0
2009-11,NY,New York,ALL,all sectors,7961599,14.67,1565.50728,10670.56993
2009-11,NY,New York,COM,commercial,1034569,14.62,839.661,5742.04303
2009-11,NY,New York,IND,industrial,8407,8.51,96.42547,1132.66744
2009-11,NY,New York,OTH,other,,,,
2009-11,NY,New York,RES,residential,6918595,16.82,599.44669,3564.89398
2009-11,NY,New York,TRA,transportation,28,12.98,29.97412,230.96548
2009-11,NC,North Carolina,ALL,all sectors,4843953,8.38,754.65181,9006.88581
2009-11,NC,North Carolina,COM,commercial,645964,8.1,272.80409,3369.81469
2009-11,NC,North Carolina,IND,industrial,11331,5.93,130.28647,2197.16187
2009-11,NC,North Carolina,OTH,other,,,,
2009-11,NC,North Carolina,RES,residential,4186657,10.22,351.52615,3439.4228
2009-11,NC,North Carolina,TRA,transportation,1,7.22,.0351,.48645
2009-11,ND,North Dakota,ALL,all sectors,383891,6.6,69.20214,1047.839
2009-11,ND,North Dakota,COM,commercial,57367,6.88,25.72631,374.10085
2009-11,ND,North Dakota,IND,industrial,2540,5.17,16.14635,312.02011
2009-11,ND,North Dakota,OTH,other,,,,
2009-11,ND,North Dakota,RES,residential,323984,7.56,27.32949,361.71804
2009-11,ND,North Dakota,TRA,transportation,0,0,0,0
2009-11,OH,Ohio,ALL,all sectors,5508548,8.7,959.90732,11029.32698
2009-11,OH,Ohio,COM,commercial,612346,9.59,317.37077,3308.93882
2009-11,OH,Ohio,IND,industrial,20956,6.24,253.72909,4069.28877
2009-11,OH,Ohio,OTH,other,,,,
2009-11,OH,Ohio,RES,residential,4875244,10.65,388.61483,3649.13532
2009-11,OH,Ohio,TRA,transportation,2,9.81,.19263,1.96407
2009-11,OK,Oklahoma,ALL,all sectors,1931064,6.48,249.59521,3851.49955
2009-11,OK,Oklahoma,COM,commercial,265696,6.54,91.7826,1402.47215
2009-11,OK,Oklahoma,IND,industrial,17700,4.56,53.26799,1168.33944
2009-11,OK,Oklahoma,OTH,other,,,,
2009-11,OK,Oklahoma,RES,residential,1647668,8.16,104.54463,1280.68797
2009-11,OK,Oklahoma,TRA,transportation,0,0,0,0
2009-11,OR,Oregon,ALL,all sectors,1880161,7.73,296.48515,3837.81993
2009-11,OR,Oregon,COM,commercial,236698,7.67,96.11762,1253.32656
2009-11,OR,Oregon,IND,industrial,19775,5.86,52.86672,901.95919
2009-11,OR,Oregon,OTH,other,,,,
2009-11,OR,Oregon,RES,residential,1623630,8.77,147.35614,1680.40419
2009-11,OR,Oregon,TRA,transportation,58,6.79,.14466,2.13
2009-11,PA,Pennsylvania,ALL,all sectors,5939126,9.41,1031.74631,10967.82987
2009-11,PA,Pennsylvania,COM,commercial,675978,9.34,330.00476,3533.16758
2009-11,PA,Pennsylvania,IND,industrial,27373,7.12,249.71873,3506.73165
2009-11,PA,Pennsylvania,OTH,other,,,,
2009-11,PA,Pennsylvania,RES,residential,5235761,11.57,446.61253,3861.06541
2009-11,PA,Pennsylvania,TRA,transportation,14,8.09,5.41028,66.86524
2009-11,RI,Rhode Island,ALL,all sectors,492867,14.19,80.9891,570.77751
2009-11,RI,Rhode Island,COM,commercial,56665,13.72,38.41602,280.04258
2009-11,RI,Rhode Island,IND,industrial,1990,12.65,9.5387,75.40544
2009-11,RI,Rhode Island,OTH,other,,,,
2009-11,RI,Rhode Island,RES,residential,434212,15.34,33.03438,215.3295
2009-11,RI,Rhode Island,TRA,transportation,0,0,0,0
2009-11,SC,South Carolina,ALL,all sectors,2434490,8.42,461.73644,5486.47298
2009-11,SC,South Carolina,COM,commercial,342885,9.15,141.05442,1542.31134
2009-11,SC,South Carolina,IND,industrial,4449,5.76,122.76516,2130.47886
2009-11,SC,South Carolina,OTH,other,,,,
2009-11,SC,South Carolina,RES,residential,2087156,10.91,197.91686,1813.68278
2009-11,SC,South Carolina,TRA,transportation,0,0,0,0
2009-11,SD,South Dakota,ALL,all sectors,436440,7.36,63.85823,867.54613
2009-11,SD,South Dakota,COM,commercial,65830,7.17,23.65541,329.87327
2009-11,SD,South Dakota,IND,industrial,2777,5.45,9.80942,179.84569
2009-11,SD,South Dakota,OTH,other,,,,
2009-11,SD,South Dakota,RES,residential,367833,8.49,30.3934,357.82718
2009-11,SD,South Dakota,TRA,transportation,0,0,0,0
2009-11,TN,Tennessee,ALL,all sectors,3152179,8.05,552.78157,6865.44247
2009-11,TN,Tennessee,COM,commercial,458145,8.95,186.67576,2086.84736
2009-11,TN,Tennessee,IND,industrial,2021,6.29,140.74728,2237.77747
2009-11,TN,Tennessee,OTH,other,,,,
2009-12,LA,Louisiana,COM,commercial,270318,7.48,132.71842,1774.01841
2009-12,LA,Louisiana,IND,industrial,18192,4.78,105.07155,2199.40928
2009-12,LA,Louisiana,OTH,other,,,,
2009-12,LA,Louisiana,RES,residential,1953390,7.6,169.11956,2225.40835
2009-12,LA,Louisiana,TRA,transportation,23,9.38,.07574,.80726
2009-12,ME,Maine,ALL,all sectors,788379,13.29,133.38163,1003.86568
2009-12,ME,Maine,COM,commercial,87766,12.46,45.34457,363.88598
2009-12,ME,Maine,IND,industrial,2854,10.51,23.7029,225.48545
2009-12,ME,Maine,OTH,other,,,,
2009-12,ME,Maine,RES,residential,697759,15.52,64.33416,414.49425
2009-12,ME,Maine,TRA,transportation,0,0,0,0
2009-12,MD,Maryland,ALL,all sectors,2446026,12.45,703.12867,5648.45252
2008-03,SAT,South Atlantic,TRA,transportation,34,9.65,10.07389,104.43449
2008-03,ESC,East South Central,ALL,all sectors,9325207,6.96,1887.36757,27130.39882
2008-03,ESC,East South Central,COM,commercial,1349843,8.29,531.75424,6413.52002
2008-03,ESC,East South Central,IND,industrial,24696,5.03,564.92736,11234.68925
2008-03,ESC,East South Central,OTH,other,,,,
2008-03,ESC,East South Central,RES,residential,7950667,8.34,790.67198,9481.97755
2008-03,ESC,East South Central,TRA,transportation,1,6.6,.014,.212
2008-03,WSC,West South Central,ALL,all sectors,16650933,9.25,3597.95829,38903.75138
2008-03,WSC,West South Central,COM,commercial,2116101,9.52,1160.72304,12186.6099
2008-03,WSC,West South Central,IND,industrial,229206,7.46,1000.27183,13411.93935
2008-03,WSC,West South Central,OTH,other,,,,
2008-03,WSC,West South Central,RES,residential,14305557,10.8,1436.45366,13299.39982
2008-04,AL,Alabama,ALL,all sectors,2485942,7.49,495.52768,6616.11198
2008-04,AL,Alabama,COM,commercial,370984,8.94,151.5492,1695.46793
2008-04,AL,Alabama,IND,industrial,9186,5.17,155.98829,3018.95926
2008-04,AL,Alabama,OTH,other,,,,
2008-04,AL,Alabama,RES,residential,2105772,9.89,187.99019,1901.68479
2008-04,AL,Alabama,TRA,transportation,0,0,0,0
2008-04,AK,Alaska,ALL,all sectors,316147,15.24,77.72585,509.90923
2008-04,AK,Alaska,COM,commercial,46907,13.94,31.76043,227.83736
2008-04,AK,Alaska,IND,industrial,1235,14.67,16.54365,112.79009
2008-04,AK,Alaska,OTH,other,,,,
2008-04,AK,Alaska,RES,residential,268005,17.38,29.42178,169.28178
2008-04,AK,Alaska,TRA,transportation,0,0,0,0
2008-04,AZ,Arizona,ALL,all sectors,2830309,8.61,445.13114,5170.65666
2008-04,AZ,Arizona,COM,commercial,296948,8.56,193.86633,2265.72264
2008-04,AZ,Arizona,IND,industrial,7353,6.23,65.50909,1051.01235
2008-04,AZ,Arizona,OTH,other,,,,
2008-04,AZ,Arizona,RES,residential,2526008,10.02,185.75572,1853.92167
2008-04,AZ,Arizona,TRA,transportation,0,0,0,0
2008-04,AR,Arkansas,ALL,all sectors,1510566,7.31,245.78066,3363.83544
2008-04,AR,Arkansas,COM,commercial,175697,7.49,63.42149,847.06452
2008-04,AR,Arkansas,IND,industrial,27742,5.58,79.5551,1426.94727
2008-04,AR,Arkansas,OTH,other,,,,
2008-04,AR,Arkansas,RES,residential,1307125,9.43,102.80019,1089.78881
2008-04,AR,Arkansas,TRA,transportation,2,11.13,.00388,.03483
2008-04,CA,California,ALL,all sectors,14723652,11.23,2287.05689,20365.69197
2008-04,CA,California,COM,commercial,1792945,11.15,1086.32274,9746.17886
2008-04,CA,California,IND,industrial,77840,8.88,370.40313,4169.99327
2008-04,CA,California,OTH,other,,,,
2008-04,CA,California,RES,residential,12852393,12.93,824.76071,6379.40396
2008-04,CA,California,TRA,transportation,474,7.94,5.57032,70.11588
2008-04,CO,Colorado,ALL,all sectors,2539589,8.63,339.94316,3940.20268
2008-04,CO,Colorado,COM,commercial,359233,8.96,140.43393,1567.98023
2008-04,CO,Colorado,IND,industrial,13234,6.49,72.60974,1118.54648
2008-04,CO,Colorado,OTH,other,,,,
2008-05,AL,Alabama,ALL,all sectors,2488247,7.88,564.59766,7161.46191
2008-05,AL,Alabama,COM,commercial,371240,9.23,175.61645,1902.24411
2008-05,AL,Alabama,IND,industrial,9262,5.53,169.95381,3071.93545
2008-05,AL,Alabama,OTH,other,,,,
2008-05,AL,Alabama,RES,residential,2107745,10.01,219.02739,2187.28234
2008-05,AL,Alabama,TRA,transportation,0,0,0,0
2008-05,AK,Alaska,ALL,all sectors,317198,15.42,75.312,488.30423
2008-05,AK,Alaska,COM,commercial,47101,14.02,31.79308,226.74069
2008-05,AK,Alaska,IND,industrial,1218,15.33,16.48546,107.52107
2008-05,AK,Alaska,OTH,other,,,,
2008-05,AK,Alaska,RES,residential,268879,17.55,27.03346,154.04247
2008-05,AK,Alaska,TRA,transportation,0,0,0,0
2008-05,AZ,Arizona,ALL,all sectors,2825708,9.44,558.03062,5912.03036
2008-05,AZ,Arizona,COM,commercial,297703,9.25,233.77103,2526.71909
2008-05,AZ,Arizona,IND,industrial,7394,6.48,69.87509,1078.16808
2008-05,AZ,Arizona,OTH,other,,,,
2008-05,AZ,Arizona,RES,residential,2520611,11.03,254.3845,2307.1432
2008-05,AZ,Arizona,TRA,transportation,0,0,0,0
2008-05,AR,Arkansas,ALL,all sectors,1512200,7.53,261.00249,3466.53489
2008-06,AL,Alabama,ALL,all sectors,2490587,9.2,767.20272,8338.29639
2008-06,AL,Alabama,COM,commercial,372035,10.28,217.01766,2111.6633
2008-06,AL,Alabama,IND,industrial,9346,6.73,210.56473,3128.26547
2008-06,AL,Alabama,OTH,other,,,,
2008-06,AL,Alabama,RES,residential,2109206,10.96,339.62033,3098.36761
2008-06,AL,Alabama,TRA,transportation,0,0,0,0
2008-06,AK,Alaska,ALL,all sectors,317773,14.9,69.23341,464.75492
2008-06,AK,Alaska,COM,commercial,47065,13.68,29.67037,216.94347
2008-06,AK,Alaska,IND,industrial,1219,14.83,15.59433,105.15398
2008-03,TX,Texas,COM,commercial,1414147,10.2,841.14592,8245.4015
2008-06,AK,Alaska,OTH,other,,,,
2008-06,AK,Alaska,RES,residential,269489,16.8,23.96871,142.65747
2010-04,IL,Illinois,COM,commercial,578862,8.71,332.65939,3819.25843
2010-04,IL,Illinois,IND,industrial,5999,6.65,234.043,3517.53743
2010-04,IL,Illinois,OTH,other,,,,
2010-04,IL,Illinois,RES,residential,5082494,11.61,330.39926,2846.32706
2010-04,IL,Illinois,TRA,transportation,4,7.12,2.70377,37.95932
2010-04,IN,Indiana,ALL,all sectors,3103406,7.43,559.92158,7536.2901
2010-04,IN,Indiana,COM,commercial,341646,8.22,145.04849,1765.35834
2010-04,IN,Indiana,IND,industrial,18797,5.73,220.98154,3854.8265
2010-04,IN,Indiana,OTH,other,,,,
2010-04,IN,Indiana,RES,residential,2742962,10.12,193.75547,1914.61735
2010-04,IN,Indiana,TRA,transportation,1,9.15,.13608,1.48793
2010-04,IA,Iowa,ALL,all sectors,1550531,7.36,252.28149,3426.36809
2010-04,IA,Iowa,COM,commercial,217291,7.66,70.28398,918.01396
2010-04,IA,Iowa,IND,industrial,6060,5.11,79.23674,1550.18186
2010-04,IA,Iowa,OTH,other,,,,
2010-04,IA,Iowa,RES,residential,1327180,10.72,102.76077,958.17227
2010-04,IA,Iowa,TRA,transportation,0,0,0,0
2010-04,KS,Kansas,ALL,all sectors,1454466,8.1,222.26526,2742.57224
2010-04,KS,Kansas,COM,commercial,218487,8.13,92.41631,1136.4708
2010-04,KS,Kansas,IND,industrial,22939,6.21,52.67398,848.03355
2010-04,KS,Kansas,OTH,other,,,,
2010-05,CO,Colorado,RES,residential,2125885,11.48,143.61006,1250.77243
2010-05,CO,Colorado,TRA,transportation,1,9.94,.357,3.593
2008-08,ND,North Dakota,RES,residential,319286,8.4,24.92118,296.74057
2008-08,ND,North Dakota,TRA,transportation,0,0,0,0
2008-08,OH,Ohio,ALL,all sectors,5518097,8.79,1252.38265,14244.2129
2008-08,OH,Ohio,COM,commercial,612756,9.32,398.33316,4272.84212
2008-08,OH,Ohio,IND,industrial,21135,6.29,311.54993,4949.62274
2008-08,OH,Ohio,OTH,other,,,,
2008-08,OH,Ohio,RES,residential,4884204,10.8,542.15132,5018.7163
2008-08,OH,Ohio,TRA,transportation,2,11.49,.34824,3.03174
2008-08,OK,Oklahoma,ALL,all sectors,1919162,9.16,516.42241,5636.25986
2008-08,OK,Oklahoma,COM,commercial,264874,9.24,167.88695,1816.53739
2008-08,OK,Oklahoma,IND,industrial,17638,6.74,90.93694,1349.73661
2008-08,OK,Oklahoma,OTH,other,,,,
2008-08,OK,Oklahoma,RES,residential,1636650,10.43,257.59852,2469.98586
2008-08,OK,Oklahoma,TRA,transportation,0,0,0,0
2008-08,OR,Oregon,ALL,all sectors,1880361,7.1,287.7028,4054.63439
2008-08,OR,Oregon,COM,commercial,235145,7.19,102.77835,1429.16374
2008-08,OR,Oregon,IND,industrial,27391,5.32,65.579,1233.22373
2008-08,OR,Oregon,OTH,other,,,,
2008-08,OR,Oregon,RES,residential,1617780,8.57,119.23345,1390.56091
2008-08,OR,Oregon,TRA,transportation,45,6.64,.112,1.68602
2008-08,PA,Pennsylvania,ALL,all sectors,5933445,9.76,1256.86316,12878.65838
2008-08,PA,Pennsylvania,COM,commercial,676962,9.77,402.75756,4123.63834
2008-08,PA,Pennsylvania,IND,industrial,27493,7.32,295.5119,4039.67812
2008-08,PA,Pennsylvania,OTH,other,,,,
2008-08,PA,Pennsylvania,RES,residential,5228976,11.93,553.31461,4637.88103
2008-08,PA,Pennsylvania,TRA,transportation,14,6.82,5.27909,77.4609
2008-08,RI,Rhode Island,ALL,all sectors,491486,16.7,111.95006,670.22546
2008-08,RI,Rhode Island,COM,commercial,56437,16,47.18367,294.96415
2008-12,CO,Colorado,OTH,other,,,,
2008-12,CO,Colorado,RES,residential,2181829,9.46,154.61674,1635.1967
2008-12,CO,Colorado,TRA,transportation,1,8.02,.364,4.54
2008-12,CT,Connecticut,ALL,all sectors,1606469,17.88,478.30284,2675.47803
2008-12,CT,Connecticut,COM,commercial,155868,16.84,187.06162,1110.69006
2008-12,CT,Connecticut,IND,industrial,4940,15.17,45.84739,302.14182
2008-12,CT,Connecticut,OTH,other,,,,
2008-12,CT,Connecticut,RES,residential,1445656,19.52,242.9708,1244.49389
2009-08,AL,Alabama,ALL,all sectors,2491660,9.2,741.85436,8065.032
2009-08,AL,Alabama,COM,commercial,351546,10.11,215.40673,2130.84077
2009-08,AL,Alabama,IND,industrial,9423,6.34,167.64525,2645.61099
2009-08,AL,Alabama,OTH,other,,,,
2009-08,AL,Alabama,RES,residential,2130691,10.91,358.80238,3288.58024
2009-08,AL,Alabama,TRA,transportation,0,0,0,0
2009-08,AK,Alaska,ALL,all sectors,319759,14.8,72.76815,491.70948
2009-08,AK,Alaska,COM,commercial,47405,14.37,33.25505,231.46097
2009-11,TN,Tennessee,RES,residential,2692012,8.87,225.34082,2540.64664
2009-11,TN,Tennessee,TRA,transportation,1,10.36,.01771,.171
2009-11,TX,Texas,ALL,all sectors,11054149,9.24,2145.5757,23222.92422
2009-11,TX,Texas,COM,commercial,1467590,9.54,798.20215,8366.35557
2009-11,TX,Texas,IND,industrial,126110,6.24,478.12135,7658.76245
2009-11,TX,Texas,OTH,other,,,,
2009-11,TX,Texas,RES,residential,9460447,12.08,868.76332,7192.88166
2009-11,TX,Texas,TRA,transportation,2,9.93,.48888,4.92455
2009-11,UT,Utah,ALL,all sectors,1062849,6.18,126.74235,2052.30699
2009-11,UT,Utah,COM,commercial,118872,6.46,51.10107,790.58517
2009-11,UT,Utah,IND,industrial,9389,4.21,27.97655,664.97433
2009-11,UT,Utah,OTH,other,,,,
2009-11,UT,Utah,RES,residential,934578,7.99,47.44587,593.97814
2009-11,UT,Utah,TRA,transportation,10,7.9,.21887,2.76935
2009-11,VT,Vermont,ALL,all sectors,357950,12.66,53.22344,420.2905
2009-11,VT,Vermont,COM,commercial,50472,12.95,19.61676,151.52361
2009-11,VT,Vermont,IND,industrial,225,9.15,10.2696,112.20662
2009-11,VT,Vermont,OTH,other,,,,
2009-11,VT,Vermont,RES,residential,307253,14.91,23.33708,156.56027
2009-11,VT,Vermont,TRA,transportation,0,0,0,0
2009-11,VA,Virginia,ALL,all sectors,3610299,8.73,679.70356,7782.06645
2009-11,VA,Virginia,COM,commercial,407865,7.96,268.8071,3375.08876
2009-11,VA,Virginia,IND,industrial,5283,6.73,92.4635,1374.57272
2009-11,VA,Virginia,OTH,other,,,,
2009-11,VA,Virginia,RES,residential,3197150,10.51,317.34725,3019.06697
2009-11,VA,Virginia,TRA,transportation,1,8.14,1.0857,13.338
2009-11,WA,Washington,ALL,all sectors,3166070,6.71,477.18265,7110.10686
2009-11,WA,Washington,COM,commercial,349329,7.22,169.90625,2354.32918
2009-11,WA,Washington,IND,industrial,24655,4.53,85.57022,1888.43161
2009-11,WA,Washington,OTH,other,,,,
2009-11,WA,Washington,RES,residential,2792080,7.73,221.69083,2867.10532
2009-11,WA,Washington,TRA,transportation,6,6.37,.01534,.24075
2009-11,WV,West Virginia,ALL,all sectors,1016169,7.03,165.95427,2361.89979
2009-11,WV,West Virginia,COM,commercial,137209,7.48,42.13585,563.24082
2009-11,WV,West Virginia,IND,industrial,12256,5.43,49.81746,916.71974
2009-11,WV,West Virginia,OTH,other,,,,
2009-11,WV,West Virginia,RES,residential,866703,8.39,73.97122,881.53474
2009-11,WV,West Virginia,TRA,transportation,1,7.35,.02973,.40449
2009-11,WI,Wisconsin,ALL,all sectors,2923882,9.22,478.02338,5187.43475
2009-11,WI,Wisconsin,COM,commercial,336441,9.48,158.525,1672.23344
2009-11,WI,Wisconsin,IND,industrial,3992,6.51,117.14002,1798.71953
2009-11,WI,Wisconsin,OTH,other,,,,
2009-11,WI,Wisconsin,RES,residential,2583449,11.79,202.35836,1716.48179
2009-11,WI,Wisconsin,TRA,transportation,0,0,0,0
2009-11,WY,Wyoming,ALL,all sectors,322716,6.04,89.68403,1483.97712
2009-11,WY,Wyoming,COM,commercial,59291,7.34,25.79462,351.2118
2009-11,WY,Wyoming,IND,industrial,8649,4.87,43.66111,896.54354
2009-11,WY,Wyoming,OTH,other,,,,
2009-11,WY,Wyoming,RES,residential,254776,8.56,20.2283,236.22178
2009-11,WY,Wyoming,TRA,transportation,0,0,0,0
2009-11,NEW,New England,ALL,all sectors,6968074,15.12,1377.95892,9116.45905
2009-11,NEW,New England,COM,commercial,810480,14.74,506.0811,3433.59658
2009-11,NEW,New England,IND,industrial,29171,13.02,295.62305,2271.33825
2009-11,NEW,New England,OTH,other,,,,
2009-11,NEW,New England,RES,residential,6128420,17,573.0312,3371.47072
2009-11,NEW,New England,TRA,transportation,3,8.05,3.22357,40.0535
2009-11,MAT,Middle Atlantic,ALL,all sectors,17874117,12.32,3335.7015,27066.99197
2009-11,MAT,Middle Atlantic,COM,commercial,2195103,12.67,1546.02562,12202.04389
2009-11,MAT,Middle Atlantic,IND,industrial,48590,7.93,417.0297,5257.11896
2009-11,MAT,Middle Atlantic,OTH,other,,,,
2009-11,MAT,Middle Atlantic,RES,residential,15630376,14.37,1334.35309,9286.19598
2009-11,MAT,Middle Atlantic,TRA,transportation,48,11.91,38.2931,321.63315
2009-11,ENC,East North Central,ALL,all sectors,21970854,8.63,3648.3058,42290.83215
2009-11,ENC,East North Central,COM,commercial,2390139,9.1,1239.45661,13626.18381
2009-11,ENC,East North Central,IND,industrial,61635,6.22,937.27247,15070.85269
2009-11,ENC,East North Central,OTH,other,,,,
2009-11,ENC,East North Central,RES,residential,19519072,10.83,1468.20534,13551.67157
2009-11,ENC,East North Central,TRA,transportation,8,8,3.37139,42.12409
2009-11,WNC,West North Central,ALL,all sectors,10442867,7.12,1528.0307,21461.58499
2009-11,WNC,West North Central,COM,commercial,1354702,7.06,530.6711,7513.38871
2009-11,WNC,West North Central,IND,industrial,80517,5.33,350.6165,6583.80911
2009-11,WNC,West North Central,OTH,other,,,,
2009-11,WNC,West North Central,RES,residential,9007646,8.78,646.52709,7361.02417
2009-11,WNC,West North Central,TRA,transportation,2,6.42,.216,3.363
2009-11,SAT,South Atlantic,ALL,all sectors,29479237,9.77,5625.2932,57593.65656
2009-11,SAT,South Atlantic,COM,commercial,3534674,9.73,2241.83657,23049.79833
2009-11,SAT,South Atlantic,IND,industrial,78525,6.49,724.26173,11160.47992
2009-11,SAT,South Atlantic,OTH,other,,,,
2009-11,SAT,South Atlantic,RES,residential,25866003,11.38,2648.84752,23285.06289
2009-11,SAT,South Atlantic,TRA,transportation,35,10.52,10.34738,98.31542
2009-11,ESC,East South Central,ALL,all sectors,9347194,7.53,1759.77092,23370.96878
2009-11,ESC,East South Central,COM,commercial,1326543,8.84,539.05335,6096.6034
2009-11,ESC,East South Central,IND,industrial,25251,5.42,533.48632,9851.91803
2009-11,ESC,East South Central,OTH,other,,,,
2009-11,ESC,East South Central,RES,residential,7995399,9.26,687.21354,7422.27635
2009-11,ESC,East South Central,TRA,transportation,1,10.36,.01771,.171
2009-11,WSC,West South Central,ALL,all sectors,16750199,8.26,2985.05661,36141.02663
2009-11,WSC,West South Central,COM,commercial,2180468,8.71,1081.96827,12429.24211
2009-11,WSC,West South Central,IND,industrial,192965,5.65,697.86603,12343.09646
2009-11,WSC,West South Central,OTH,other,,,,
2009-11,WSC,West South Central,RES,residential,14376739,10.6,1204.6377,11362.82486
2009-11,WSC,West South Central,TRA,transportation,27,9.97,.58462,5.86319
2009-11,MTN,Mountain,ALL,all sectors,10277319,7.93,1557.11769,19623.66761
2009-11,MTN,Mountain,COM,commercial,1316924,8.42,609.58103,7242.91412
2009-11,MTN,Mountain,IND,industrial,79883,5.46,333.23778,6099.41328
2009-11,MTN,Mountain,OTH,other,,,,
2009-11,MTN,Mountain,RES,residential,8880483,9.78,613.69394,6274.23986
2009-11,MTN,Mountain,TRA,transportation,29,8.52,.60493,7.10035
2009-11,PACC,Pacific Contiguous,ALL,all sectors,19349912,9.8,2950.27231,30106.99014
2009-11,PACC,Pacific Contiguous,COM,commercial,2319268,9.96,1273.41445,12780.15929
2009-11,PACC,Pacific Contiguous,IND,industrial,119361,7.16,471.63992,6585.76118
2009-11,PACC,Pacific Contiguous,OTH,other,,,,
2009-11,PACC,Pacific Contiguous,RES,residential,16910724,11.24,1199.26124,10669.7949
2009-11,PACC,Pacific Contiguous,TRA,transportation,559,8.36,5.9567,71.27477
2009-11,PACN,Pacific Noncontiguous,ALL,all sectors,793170,20.1,278.46689,1385.67592
2009-11,PACN,Pacific Noncontiguous,COM,commercial,107780,19.33,101.9424,527.33024
2009-11,PACN,Pacific Noncontiguous,IND,industrial,1908,18.83,78.13396,414.92883
2009-11,PACN,Pacific Noncontiguous,OTH,other,,,,
2009-11,PACN,Pacific Noncontiguous,RES,residential,683482,22.19,98.39054,443.41685
2009-11,PACN,Pacific Noncontiguous,TRA,transportation,0,0,0,0
2009-11,US,U.S. Total,ALL,all sectors,143252943,9.34,25045.97454,268157.85379
2009-11,US,U.S. Total,COM,commercial,17536081,9.78,9670.0305,98901.26048
2009-11,US,U.S. Total,IND,industrial,717806,6.4,4839.16745,75638.71671
2009-11,US,U.S. Total,OTH,other,,,,
2009-11,US,U.S. Total,RES,residential,124998344,11.26,10474.16119,93027.97812
2009-11,US,U.S. Total,TRA,transportation,712,10.61,62.61539,589.89847
2009-12,NJ,New Jersey,ALL,all sectors,3929092,13.85,885.26591,6391.96246
2009-12,NJ,New Jersey,COM,commercial,478830,13.04,429.36586,3291.92791
2009-12,NJ,New Jersey,IND,industrial,13226,11.37,74.94131,659.01521
2009-12,NJ,New Jersey,OTH,other,,,,
2009-12,NJ,New Jersey,RES,residential,3437030,15.63,377.33944,2413.74854
2009-12,NJ,New Jersey,TRA,transportation,6,13.27,3.6193,27.27079
2009-12,NM,New Mexico,ALL,all sectors,991954,7.74,143.70077,1857.50195
2009-12,NM,New Mexico,COM,commercial,135762,8.02,54.92996,685.32727
2009-12,NM,New Mexico,IND,industrial,6858,5.36,27.57068,514.59601
2009-12,NM,New Mexico,OTH,other,,,,
2009-12,NM,New Mexico,RES,residential,849334,9.31,61.20013,657.57867
2009-12,NM,New Mexico,TRA,transportation,0,0,0,0
2009-12,NY,New York,ALL,all sectors,7990693,15.44,1837.93338,11903.62523
2009-12,NY,New York,COM,commercial,1042801,15.4,963.70175,6256.24685
2009-12,NY,New York,IND,industrial,8514,8.44,94.85458,1123.52669
2009-12,NY,New York,OTH,other,,,,
2009-12,NY,New York,RES,residential,6939350,17.51,744.03861,4249.30196
2009-12,NY,New York,TRA,transportation,28,12.87,35.33845,274.54972
2009-12,NC,North Carolina,ALL,all sectors,4849124,8.29,903.21397,10899.46428
2009-12,NC,North Carolina,COM,commercial,646879,7.88,290.84558,3692.02983
2009-12,NC,North Carolina,IND,industrial,11295,5.9,118.77129,2012.00254
2009-12,NC,North Carolina,OTH,other,,,,
2009-12,NC,North Carolina,RES,residential,4190949,9.5,493.5587,5194.88715
2009-12,NC,North Carolina,TRA,transportation,1,7.05,.03842,.54476
2009-12,ND,North Dakota,ALL,all sectors,384809,6.29,80.93511,1285.75404
2009-12,ND,North Dakota,COM,commercial,57515,6.36,28.19238,443.29871
2009-12,ND,North Dakota,IND,industrial,2586,5.12,16.85583,329.13105
2009-12,ND,North Dakota,OTH,other,,,,
2009-12,ND,North Dakota,RES,residential,324708,6.99,35.88689,513.32428
2009-12,ND,North Dakota,TRA,transportation,0,0,0,0
2009-12,OH,Ohio,ALL,all sectors,5517293,8.72,1154.26314,13241.59447
2009-12,OH,Ohio,COM,commercial,612938,9.34,357.88429,3829.89127
2009-12,OH,Ohio,IND,industrial,20977,6.21,263.20285,4238.00008
2009-12,OH,Ohio,OTH,other,,,,
2009-12,OH,Ohio,RES,residential,4883376,10.31,532.81335,5169.93801
2009-12,OH,Ohio,TRA,transportation,2,9.63,.36266,3.76511
2009-12,OK,Oklahoma,ALL,all sectors,1933456,6.33,305.08991,4821.21073
2009-12,OK,Oklahoma,COM,commercial,266239,6.22,98.0095,1576.55248
2010-04,MN,Minnesota,COM,commercial,275558,8,136.61256,1708.50658
2010-04,MN,Minnesota,IND,industrial,9076,5.97,106.08704,1776.56492
2010-04,MN,Minnesota,OTH,other,,,,
2010-04,MN,Minnesota,RES,residential,2298156,10.33,156.99859,1520.11769
2010-04,MN,Minnesota,TRA,transportation,1,7.87,.14,1.78
2010-04,MS,Mississippi,ALL,all sectors,1471709,8.56,292.56449,3418.11615
2010-04,MS,Mississippi,COM,commercial,222140,9.49,95.30257,1004.00855
2010-04,MS,Mississippi,IND,industrial,6541,6.15,77.75284,1265.09301
2010-04,MS,Mississippi,OTH,other,,,,
2019-09,DC,District of Columbia,TRA,transportation,3,8.76,5.73142,65.41491
2019-09,FL,Florida,ALL,all sectors,10868345,10.56,2467.37756,23358.24041
2019-09,FL,Florida,COM,commercial,1244147,9.19,824.11933,8971.52494
2019-09,FL,Florida,IND,industrial,23757,7.73,108.5044,1403.45749
2019-09,FL,Florida,OTH,other,,,,
2019-09,FL,Florida,RES,residential,9600439,11.82,1534.18543,12976.52405
2019-09,FL,Florida,TRA,transportation,2,8.44,.56841,6.73393
2010-11,NEW,New England,ALL,all sectors,7024913,14.6,1366.82383,9360.0864
2010-11,NEW,New England,COM,commercial,830081,14.43,505.46755,3502.2831
2010-11,NEW,New England,RES,residential,6165345,16.18,566.65873,3502.59731
2010-11,NEW,New England,TRA,transportation,5,7.4,3.28684,44.41336
2009-11,MO,Missouri,RES,residential,2689273,7.71,177.78448,2304.78683
2009-11,MO,Missouri,TRA,transportation,1,4.93,.078,1.581
2009-11,MT,Montana,ALL,all sectors,570797,7.5,84.09409,1121.70703
2009-11,MT,Montana,COM,commercial,100531,8.16,29.73667,364.3018
2009-11,MT,Montana,IND,industrial,3713,5.35,19.50767,364.32653
2009-11,MT,Montana,OTH,other,,,,
2009-11,MT,Montana,RES,residential,466553,8.87,34.84975,393.0787
2009-11,MT,Montana,TRA,transportation,0,0,0,0
2009-11,NE,Nebraska,ALL,all sectors,983803,6.7,149.83363,2235.32666
2009-11,NE,Nebraska,COM,commercial,154002,7,52.09101,743.74714
2009-11,NE,Nebraska,IND,industrial,28899,5.13,39.4329,768.89108
2009-11,NE,Nebraska,OTH,other,,,,
2009-11,NE,Nebraska,RES,residential,800902,8.07,58.30973,722.68844
2009-11,NE,Nebraska,TRA,transportation,0,0,0,0
2009-12,CT,Connecticut,RES,residential,1451134,19.92,229.58988,1152.7725
2009-12,CT,Connecticut,TRA,transportation,2,11.29,2.04972,18.1561
2009-12,DE,Delaware,ALL,all sectors,444859,12.02,108.05159,899.30517
2009-12,DE,Delaware,COM,commercial,49197,11.61,39.0998,336.65703
2009-12,DE,Delaware,IND,industrial,1233,9.5,19.25042,202.7106
2009-12,DE,Delaware,OTH,other,,,,
2016-11,AR,Arkansas,IND,industrial,36564,5.86,79.45444,1355.18564
2009-12,DE,Delaware,RES,residential,394429,13.81,49.70137,359.93754
2009-12,DE,Delaware,TRA,transportation,0,0,0,0
2009-12,DC,District of Columbia,ALL,all sectors,252462,13.07,128.95098,986.99002
2009-12,DC,District of Columbia,COM,commercial,26430,13.17,100.76919,765.24596
2009-12,DC,District of Columbia,IND,industrial,1,7.62,1.67663,21.99439
2009-12,DC,District of Columbia,OTH,other,,,,
2009-12,DC,District of Columbia,RES,residential,226030,13.44,23.28833,173.32576
2009-12,DC,District of Columbia,TRA,transportation,1,12.17,3.21683,26.4239
2009-12,FL,Florida,ALL,all sectors,9634076,11.29,1953.51089,17303.61422
2009-12,FL,Florida,COM,commercial,1122985,10.63,786.17589,7396.25098
2009-12,FL,Florida,IND,industrial,19306,9.1,126.74729,1392.41591
2009-12,FL,Florida,OTH,other,,,,
2009-12,FL,Florida,RES,residential,8491760,12.22,1039.85992,8508.12665
2009-12,FL,Florida,TRA,transportation,25,10.67,.72779,6.82067
2009-12,GA,Georgia,ALL,all sectors,4629250,8.43,913.3046,10829.91777
2009-12,GA,Georgia,COM,commercial,546339,8.96,326.8859,3646.99738
2009-12,GA,Georgia,IND,industrial,15331,6.21,147.71209,2378.32365
2009-12,GA,Georgia,OTH,other,,,,
2009-12,GA,Georgia,RES,residential,4067579,9.14,437.68532,4790.26538
2009-12,GA,Georgia,TRA,transportation,1,7.13,1.02129,14.33136
2009-12,HI,Hawaii,ALL,all sectors,475584,23.28,195.06673,837.77332
2009-12,HI,Hawaii,COM,commercial,60628,24.05,66.52118,276.59798
2009-12,HI,Hawaii,IND,industrial,700,20.13,61.79348,306.9771
2009-12,HI,Hawaii,OTH,other,,,,
2009-12,HI,Hawaii,RES,residential,414256,26.26,66.75206,254.19824
2009-12,HI,Hawaii,TRA,transportation,0,0,0,0
2009-12,ID,Idaho,ALL,all sectors,789207,6.97,146.92545,2108.74142
2009-12,ID,Idaho,COM,commercial,100659,6.52,36.03577,552.2949
2009-12,ID,Idaho,IND,industrial,25965,4.72,26.51767,561.55346
2009-12,ID,Idaho,OTH,other,,,,
2009-12,ID,Idaho,RES,residential,662583,8.48,84.37201,994.89305
2009-12,ID,Idaho,TRA,transportation,0,0,0,0
2009-12,IL,Illinois,ALL,all sectors,5654498,8.54,1046.03719,12244.43093
2009-12,IL,Illinois,COM,commercial,577570,8.41,374.7328,4455.73252
2009-12,IL,Illinois,IND,industrial,5839,6.64,235.87674,3550.25767
2009-12,IL,Illinois,OTH,other,,,,
2009-12,IL,Illinois,RES,residential,5071085,10.3,431.72218,4191.56433
2009-12,IL,Illinois,TRA,transportation,4,7.9,3.70549,46.87641
2009-12,IN,Indiana,ALL,all sectors,3104951,7.31,658.13223,9001.71478
2009-12,IN,Indiana,COM,commercial,341658,8.04,161.01077,2002.87545
2009-12,IN,Indiana,IND,industrial,18086,5.62,206.7878,3677.49298
2009-12,IN,Indiana,OTH,other,,,,
2009-12,IN,Indiana,RES,residential,2745206,8.74,290.15984,3319.32846
2009-12,IN,Indiana,TRA,transportation,1,8.61,.17382,2.0179
2009-12,IA,Iowa,ALL,all sectors,1551303,7.02,284.56148,4056.36928
2009-12,IA,Iowa,COM,commercial,216616,7.05,76.66915,1087.01452
2009-12,IA,Iowa,IND,industrial,6098,4.85,75.37475,1553.20153
2009-12,IA,Iowa,OTH,other,,,,
2009-12,IA,Iowa,RES,residential,1328589,9.36,132.51758,1416.15323
2009-12,IA,Iowa,TRA,transportation,0,0,0,0
2009-12,KS,Kansas,ALL,all sectors,1452514,7.49,247.66598,3308.49935
2009-12,KS,Kansas,COM,commercial,218822,7.28,90.4529,1242.08265
2009-12,KS,Kansas,IND,industrial,22714,5.85,48.29244,824.945
2009-12,KS,Kansas,OTH,other,,,,
2009-12,KS,Kansas,RES,residential,1210978,8.77,108.92064,1241.47171
2009-12,KS,Kansas,TRA,transportation,0,0,0,0
2009-12,KY,Kentucky,ALL,all sectors,2236969,6.22,517.11692,8310.67483
2009-12,KY,Kentucky,COM,commercial,296380,7.23,114.23915,1579.16434
2009-12,KY,Kentucky,IND,industrial,7157,4.65,189.7802,4077.27602
2009-12,KY,Kentucky,OTH,other,,,,
2009-12,KY,Kentucky,RES,residential,1933432,8.03,213.09757,2654.23447
2009-12,KY,Kentucky,TRA,transportation,0,0,0,0
2009-12,LA,Louisiana,ALL,all sectors,2241923,6.56,406.98526,6199.64329
2016-11,AR,Arkansas,OTH,other,,,,
2020-02,NEW,New England,TRA,transportation,6,11.51,5.24456,45.55318
2020-02,MAT,Middle Atlantic,ALL,all sectors,18709053,11.94,3461.23644,28977.7853
2020-02,MAT,Middle Atlantic,COM,commercial,2377883,11.61,1392.66644,11990.80991
2020-02,MAT,Middle Atlantic,IND,industrial,34371,6.48,392.50071,6059.69681
2020-02,MAT,Middle Atlantic,OTH,other,,,,
2020-02,MAT,Middle Atlantic,RES,residential,16296780,15.47,1643.91542,10627.81195
2020-02,MAT,Middle Atlantic,TRA,transportation,19,10.74,32.15387,299.46663
2020-02,ENC,East North Central,ALL,all sectors,22943582,9.94,4501.21784,45284.12577
2020-02,ENC,East North Central,COM,commercial,2527486,9.94,1421.98582,14301.68919
2020-02,ENC,East North Central,IND,industrial,55664,6.69,1020.3236,15259.15068
2020-02,ENC,East North Central,OTH,other,,,,
2020-02,ENC,East North Central,RES,residential,20360421,13.12,2055.62414,15668.23253
2020-02,ENC,East North Central,TRA,transportation,11,5.97,3.28428,55.05337
2020-02,WNC,West North Central,ALL,all sectors,11180156,9.07,2265.03627,24982.62637
2020-02,WNC,West North Central,COM,commercial,1470858,9.09,745.95102,8207.23249
2020-02,WNC,West North Central,IND,industrial,122829,6.86,519.95693,7583.43224
2020-02,WNC,West North Central,OTH,other,,,,
2020-02,WNC,West North Central,RES,residential,9586466,10.87,998.76849,9187.55346
2020-02,WNC,West North Central,TRA,transportation,3,8.16,.35982,4.40818
2020-02,SAT,South Atlantic,ALL,all sectors,32410699,9.79,6122.73041,62510.86846
2020-02,SAT,South Atlantic,COM,commercial,3853398,9.23,2167.5597,23490.67403
2020-02,SAT,South Atlantic,IND,industrial,84037,6.14,678.20511,11040.42131
2020-02,SAT,South Atlantic,OTH,other,,,,
2020-02,SAT,South Atlantic,RES,residential,28473251,11.73,3268.25872,27866.0127
2020-02,SAT,South Atlantic,TRA,transportation,13,7.65,8.70688,113.76042
2020-02,ESC,East South Central,ALL,all sectors,9854480,9.18,2255.55939,24564.90799
2020-08,MT,Montana,IND,industrial,13680,5.98,23.4211,391.36889
2020-08,MT,Montana,OTH,other,,,,
2020-08,MT,Montana,RES,residential,523184,11.66,51.93991,445.28731
2020-08,MT,Montana,TRA,transportation,0,0,0,0
2020-08,NE,Nebraska,ALL,all sectors,1088337,9.4,294.93601,3138.86107
2020-08,NE,Nebraska,COM,commercial,155994,9.36,83.17242,888.60708
2020-08,NE,Nebraska,IND,industrial,65568,7.61,96.90057,1273.55345
2020-08,NE,Nebraska,OTH,other,,,,
2020-08,NE,Nebraska,RES,residential,866775,11.76,114.86302,976.70055
2020-08,NE,Nebraska,TRA,transportation,0,0,0,0
2020-08,NV,Nevada,ALL,all sectors,1403682,9.01,401.89581,4458.30549
2020-08,NV,Nevada,COM,commercial,170033,7.76,99.13931,1277.98624
2020-08,NV,Nevada,IND,industrial,3489,7.23,80.61147,1114.61088
2020-08,NV,Nevada,OTH,other,,,,
2020-08,NV,Nevada,RES,residential,1230159,10.75,222.12497,2065.47336
2020-08,NV,Nevada,TRA,transportation,1,8.54,.02006,.235
2020-08,NH,New Hampshire,ALL,all sectors,747443,16.44,167.43678,1018.6483
2009-08,DC,District of Columbia,IND,industrial,1,10.04,1.92997,19.21519
2020-08,NH,New Hampshire,COM,commercial,109280,15.4,54.83325,355.98239
2020-08,NH,New Hampshire,IND,industrial,3166,13.09,21.20206,161.98832
2020-08,NH,New Hampshire,OTH,other,,,,
2020-08,NH,New Hampshire,RES,residential,634997,18.26,91.40148,500.67759
2020-08,NH,New Hampshire,TRA,transportation,0,0,0,0
2020-08,NJ,New Jersey,ALL,all sectors,4154765,14.46,1119.23569,7740.89786
2020-08,NJ,New Jersey,COM,commercial,524520,12.99,437.97954,3372.71249
2020-08,NJ,New Jersey,IND,industrial,11559,10.52,63.96933,608.0719
2020-06,DE,Delaware,ALL,all sectors,503523,10.47,99.02245,945.9826
2020-06,DE,Delaware,COM,commercial,56804,9.38,33.82617,360.61819
2020-06,DE,Delaware,IND,industrial,887,6.54,11.29547,172.84095
2020-06,DE,Delaware,OTH,other,,,,
2020-06,DE,Delaware,RES,residential,445832,13.07,53.90081,412.52346
2020-06,DE,Delaware,TRA,transportation,0,0,0,0
2020-06,DC,District of Columbia,ALL,all sectors,317282,12.15,90.1206,741.82746
2020-06,DC,District of Columbia,COM,commercial,26710,12.09,61.27787,506.93702
2020-06,DC,District of Columbia,IND,industrial,1,7.99,1.15123,14.4082
2020-06,DC,District of Columbia,OTH,other,,,,
2020-06,DC,District of Columbia,RES,residential,290568,12.78,25.49781,199.5698
2020-06,DC,District of Columbia,TRA,transportation,3,10.49,2.19368,20.91245
2020-07,MT,Montana,TRA,transportation,0,0,0,0
2020-07,NE,Nebraska,ALL,all sectors,1089440,9.73,310.38199,3191.55256
2020-07,NE,Nebraska,COM,commercial,155984,9.36,80.4051,858.95378
2020-07,NE,Nebraska,IND,industrial,65769,8.22,95.94556,1167.83671
2020-07,NE,Nebraska,OTH,other,,,,
2020-07,NE,Nebraska,RES,residential,867687,11.51,134.03133,1164.76207
2020-07,NE,Nebraska,TRA,transportation,0,0,0,0
2020-07,NV,Nevada,ALL,all sectors,1401893,8.83,384.41114,4351.98566
2020-07,MAT,Middle Atlantic,TRA,transportation,19,11.92,34.39765,288.48145
2020-07,ENC,East North Central,ALL,all sectors,23068547,10.53,5837.27707,55433.62368
2020-07,ENC,East North Central,COM,commercial,2539445,10.12,1697.39682,16775.11342
2020-08,MS,Mississippi,IND,industrial,10302,5.57,74.51898,1337.67912
2020-08,MS,Mississippi,OTH,other,,,,
2020-08,MS,Mississippi,RES,residential,1309093,10.66,218.1005,2046.57738
2008-12,NY,New York,ALL,all sectors,7960042,14.76,1797.79084,12176.91617
2008-12,NY,New York,COM,commercial,1036656,14.83,965.03298,6505.56023
2008-12,NY,New York,RES,residential,6914618,16.63,710.8297,4274.71153
2008-12,NY,New York,TRA,transportation,25,11.98,31.08476,259.47816
2008-12,NC,North Carolina,ALL,all sectors,4833479,8.19,856.22147,10448.97402
2008-12,NC,North Carolina,IND,industrial,11442,5.56,99.74423,1794.48449
2008-12,NC,North Carolina,RES,residential,4166723,9.29,493.85022,5316.38045
2008-12,ND,North Dakota,ALL,all sectors,379985,6.34,80.79723,1273.8633
2008-12,ND,North Dakota,COM,commercial,57029,6.56,28.32559,431.71709
2008-12,ND,North Dakota,RES,residential,320871,6.84,35.95804,526.08851
2008-12,ND,North Dakota,TRA,transportation,0,0,0,0
2008-12,OH,Ohio,ALL,all sectors,5526201,8.41,1152.20356,13695.99698
2008-12,OH,Ohio,IND,industrial,21082,6.38,276.67417,4335.49315
2008-12,OH,Ohio,RES,residential,4892249,9.48,523.61284,5521.81635
2009-08,CT,Connecticut,COM,commercial,147345,16.77,203.91921,1215.6251
2008-12,MD,Maryland,IND,industrial,8769,10.13,41.93893,413.93511
2008-12,MD,Maryland,RES,residential,2183400,13.89,352.77416,2539.70999
2008-12,MA,Massachusetts,ALL,all sectors,3046204,16.59,765.18414,4613.13376
2008-12,MA,Massachusetts,COM,commercial,382459,16.09,329.01068,2045.25501
2009-08,CT,Connecticut,RES,residential,1444390,20.22,248.17556,1227.62076
2009-08,CT,Connecticut,TRA,transportation,2,11.18,1.61861,14.48089
2009-08,DE,Delaware,COM,commercial,49228,12.07,46.68243,386.63389
2009-08,DE,Delaware,IND,industrial,1237,9.35,22.99407,245.92642
2009-08,DE,Delaware,TRA,transportation,0,0,0,0
2009-08,DC,District of Columbia,ALL,all sectors,246934,13.36,155.76678,1165.9627
2020-08,MS,Mississippi,TRA,transportation,0,0,0,0
2020-08,MO,Missouri,ALL,all sectors,3245498,11.05,816.2759,7387.03518
2009-08,DC,District of Columbia,COM,commercial,26215,13.1,116.85916,892.02601
2020-08,MO,Missouri,COM,commercial,388618,10.32,279.02149,2702.45651
2020-08,MO,Missouri,IND,industrial,10061,7.72,90.68948,1174.3787
2020-08,MO,Missouri,OTH,other,,,,
2020-08,MO,Missouri,RES,residential,2846817,12.72,446.38484,3508.53864
2020-08,MO,Missouri,TRA,transportation,2,10.84,.18008,1.66133
2020-08,MT,Montana,ALL,all sectors,647933,9.51,119.65287,1257.73374
2020-08,MT,Montana,COM,commercial,111069,10.52,44.29187,421.07753
2016-11,AR,Arkansas,RES,residential,1371364,10.11,110.30273,1091.23902
2016-11,AR,Arkansas,TRA,transportation,2,11.64,.00398,.03416
2016-11,CA,California,ALL,all sectors,15049084,14.91,2943.80848,19741.32936
2016-11,CA,California,COM,commercial,1667297,14.29,1349.71763,9447.86488
2016-11,CA,California,IND,industrial,142533,11.84,479.49332,4050.47532
2016-11,CA,California,OTH,other,,,,
2016-11,CA,California,RES,residential,13239239,17.93,1109.62211,6187.82897
2016-11,CA,California,TRA,transportation,15,9.02,4.97542,55.16019
2016-11,CO,Colorado,ALL,all sectors,2656232,9.88,417.18072,4223.86225
2016-11,CO,Colorado,COM,commercial,368654,9.81,157.58263,1605.83401
2016-11,CO,Colorado,IND,industrial,15961,7.45,95.19117,1277.2168
2016-11,CO,Colorado,OTH,other,,,,
2016-11,CO,Colorado,RES,residential,2271616,12.27,163.89003,1335.71745
2018-08,AR,Arkansas,RES,residential,1391939,10.01,195.0949,1949.34779
2018-08,AR,Arkansas,TRA,transportation,2,11.68,.00469,.0401
2018-08,CA,California,ALL,all sectors,15754331,18.55,5542.31381,29874.59826
2018-08,CA,California,COM,commercial,1745783,18.74,2322.54388,12393.4095
2018-08,CA,California,IND,industrial,153826,15.17,786.55078,5184.37401
2018-08,CA,California,OTH,other,,,,
2008-10,IN,Indiana,IND,industrial,18139,6.01,240.03653,3993.95127
2008-10,IN,Indiana,OTH,other,,,,
2008-10,IN,Indiana,RES,residential,2729180,10.08,217.81285,2161.15768
2008-10,IN,Indiana,TRA,transportation,1,10.47,.147,1.404
2008-10,IA,Iowa,ALL,all sectors,1546257,6.55,237.2339,3619.71917
2008-10,IA,Iowa,COM,commercial,212227,6.94,70.50023,1016.42427
2008-10,IA,Iowa,IND,industrial,5801,4.53,77.58591,1711.78383
2008-10,IA,Iowa,OTH,other,,,,
2008-10,IA,Iowa,RES,residential,1328229,10,89.14777,891.51108
2008-10,IA,Iowa,TRA,transportation,0,0,0,0
2008-10,KS,Kansas,ALL,all sectors,1511984,7.26,215.42664,2967.0786
2008-10,KS,Kansas,COM,commercial,237607,7.21,90.64492,1256.63519
2008-10,KS,Kansas,IND,industrial,19547,5.81,50.88395,875.3699
2008-10,KS,Kansas,OTH,other,,,,
2008-10,KS,Kansas,RES,residential,1254830,8.85,73.89777,835.0735
2008-10,KS,Kansas,TRA,transportation,0,0,0,0
2008-10,KY,Kentucky,ALL,all sectors,2232342,6.58,497.31983,7554.19478
2008-10,KY,Kentucky,COM,commercial,296235,7.46,118.53592,1588.77546
2008-10,KY,Kentucky,IND,industrial,6302,5.35,226.03925,4224.90864
2008-10,KY,Kentucky,OTH,other,,,,
2008-10,KY,Kentucky,RES,residential,1929805,8.78,152.74466,1740.51068
2008-10,KY,Kentucky,TRA,transportation,0,0,0,0
2008-10,LA,Louisiana,ALL,all sectors,2212656,10.2,601.54613,5895.64435
2008-10,LA,Louisiana,COM,commercial,266354,10.57,204.9186,1938.05648
2008-10,LA,Louisiana,IND,industrial,19953,8.88,157.53518,1773.51426
2008-10,LA,Louisiana,OTH,other,,,,
2008-10,LA,Louisiana,RES,residential,1926324,10.95,239.02952,2183.54486
2008-10,LA,Louisiana,TRA,transportation,25,11.88,.06283,.52875
2008-10,ME,Maine,ALL,all sectors,786536,13.64,133.05164,975.33784
2008-10,ME,Maine,COM,commercial,87969,12.87,42.68065,331.59999
2008-10,ME,Maine,IND,industrial,2827,11.45,35.90851,313.49566
2008-10,ME,Maine,OTH,other,,,,
2008-10,ME,Maine,RES,residential,695740,16.49,54.46248,330.24219
2008-10,ME,Maine,TRA,transportation,0,0,0,0
2008-10,MD,Maryland,ALL,all sectors,2430183,13.75,642.96964,4677.36794
2008-10,MD,Maryland,COM,commercial,241751,13.69,325.15219,2374.79347
2008-10,MD,Maryland,IND,industrial,8566,10.54,50.1315,475.5131
2008-10,MD,Maryland,OTH,other,,,,
2008-10,MD,Maryland,RES,residential,2179861,14.65,261.22798,1783.69411
2008-10,MD,Maryland,TRA,transportation,5,14.89,6.45797,43.36727
2008-10,MA,Massachusetts,ALL,all sectors,3054283,16.96,721.3068,4252.16029
2008-10,MA,Massachusetts,COM,commercial,382357,16.41,345.30141,2104.51548
2008-10,MA,Massachusetts,IND,industrial,14098,14.35,118.42231,825.46792
2008-10,MA,Massachusetts,OTH,other,,,,
2008-10,MA,Massachusetts,RES,residential,2657827,19.7,255.39587,1296.63881
2008-10,MA,Massachusetts,TRA,transportation,1,8.56,2.18721,25.53808
2008-10,MI,Michigan,ALL,all sectors,4814203,8.88,730.94691,8232.504
2008-10,MI,Michigan,COM,commercial,516231,9.22,292.65509,3174.64031
2008-10,MI,Michigan,IND,industrial,12300,6.73,184.05582,2734.61095
2008-10,MI,Michigan,OTH,other,,,,
2008-10,MI,Michigan,RES,residential,4285671,10.94,254.19702,2322.87676
2008-10,MI,Michigan,TRA,transportation,1,10.37,.03899,.37598
2008-10,MN,Minnesota,ALL,all sectors,2569133,7.52,406.479,5408.27083
2008-10,MN,Minnesota,COM,commercial,272454,7.51,138.5132,1845.53976
2008-10,MN,Minnesota,IND,industrial,8392,5.68,116.68815,2053.18187
2008-10,MN,Minnesota,OTH,other,,,,
2008-10,MN,Minnesota,RES,residential,2288286,10.02,151.13464,1507.7482
2008-10,MN,Minnesota,TRA,transportation,1,7.94,.143,1.801
2008-10,MS,Mississippi,ALL,all sectors,1472339,9.31,349.26972,3753.18173
2008-10,MS,Mississippi,COM,commercial,225186,10.1,113.99644,1128.45375
2008-10,MS,Mississippi,IND,industrial,7257,7.03,90.85977,1291.87142
2008-10,MS,Mississippi,OTH,other,,,,
2008-10,MS,Mississippi,RES,residential,1239896,10.83,144.41352,1332.85656
2008-10,MS,Mississippi,TRA,transportation,0,0,0,0
2008-10,MO,Missouri,ALL,all sectors,3061611,6.54,407.04012,6224.97462
2008-10,MO,Missouri,COM,commercial,369130,6.11,156.07944,2554.70996
2008-10,MO,Missouri,IND,industrial,9315,4.74,74.04134,1563.22531
2008-10,MO,Missouri,OTH,other,,,,
2008-10,MO,Missouri,RES,residential,2683165,8.4,176.84134,2105.39235
2008-10,MO,Missouri,TRA,transportation,1,4.74,.078,1.647
2008-10,MT,Montana,ALL,all sectors,565921,7.69,91.37974,1188.41114
2008-10,MT,Montana,COM,commercial,100650,8.62,33.62919,390.27046
2008-10,MT,Montana,IND,industrial,4995,5.89,28.73821,488.20724
2008-10,MT,Montana,OTH,other,,,,
2008-10,MT,Montana,RES,residential,460276,9.36,29.01235,309.93344
2008-10,MT,Montana,TRA,transportation,0,0,0,0
2008-10,NE,Nebraska,ALL,all sectors,980609,6.47,140.63527,2174.62387
2008-10,NE,Nebraska,COM,commercial,153846,6.72,50.30814,748.12427
2008-10,NE,Nebraska,IND,industrial,29427,5.01,40.4967,808.96646
2008-10,NE,Nebraska,OTH,other,,,,
2008-10,NE,Nebraska,RES,residential,797336,8.07,49.83043,617.53314
2008-10,NE,Nebraska,TRA,transportation,0,0,0,0
2008-10,NV,Nevada,ALL,all sectors,1212889,9.79,267.94249,2735.68579
2008-10,NV,Nevada,COM,commercial,153658,10.35,81.74011,789.39466
2008-10,NV,Nevada,IND,industrial,3787,7.81,89.36636,1143.66698
2008-10,NV,Nevada,OTH,other,,,,
2008-10,NV,Nevada,RES,residential,1055427,12.07,96.78102,801.99024
2008-10,NV,Nevada,TRA,transportation,17,8.68,.055,.63392
2008-10,NH,New Hampshire,ALL,all sectors,702777,15.36,130.24171,847.69371
2008-10,NH,New Hampshire,COM,commercial,103730,15.02,53.24161,354.57513
2008-10,NH,New Hampshire,IND,industrial,3644,13.75,23.91571,173.91971
2008-10,NH,New Hampshire,OTH,other,,,,
2008-10,NH,New Hampshire,RES,residential,595403,16.63,53.08439,319.19887
2008-10,NH,New Hampshire,TRA,transportation,0,0,0,0
2008-10,NJ,New Jersey,ALL,all sectors,3884281,13.83,848.506,6133.89592
2008-10,NJ,New Jersey,COM,commercial,467529,13.38,435.71545,3257.36737
2008-10,NJ,New Jersey,IND,industrial,13287,11.69,105.74318,904.31683
2008-10,NJ,New Jersey,OTH,other,,,,
2008-10,NJ,New Jersey,RES,residential,3403459,15.61,304.12561,1948.39948
2008-11,CT,Connecticut,COM,commercial,149553,17.41,175.19472,1006.02821
2008-11,CT,Connecticut,IND,industrial,4984,15.2,54.57817,359.00587
2008-11,CT,Connecticut,OTH,other,,,,
2008-11,CT,Connecticut,RES,residential,1450243,19.97,200.23594,1002.78667
2008-11,CT,Connecticut,TRA,transportation,5,9.83,1.44778,14.72871
2008-11,DE,Delaware,ALL,all sectors,441932,12.28,103.0248,839.04457
2008-11,DE,Delaware,COM,commercial,49033,12.04,38.1834,317.05432
2008-11,DE,Delaware,IND,industrial,622,9.85,23.64518,239.9839
2008-11,DE,Delaware,OTH,other,,,,
2008-11,DE,Delaware,RES,residential,392277,14.61,41.19622,282.00635
2008-11,DE,Delaware,TRA,transportation,0,0,0,0
2008-11,DC,District of Columbia,ALL,all sectors,245855,13.12,116.13433,884.8424
2008-11,DC,District of Columbia,COM,commercial,26696,13.12,93.55627,713.17359
2008-11,DC,District of Columbia,IND,industrial,1,10.34,2.22913,21.55905
2008-11,DC,District of Columbia,OTH,other,,,,
2008-11,DC,District of Columbia,RES,residential,219157,13,16.30264,125.37945
2008-11,DC,District of Columbia,TRA,transportation,1,16.36,4.04628,24.73031
2008-11,FL,Florida,ALL,all sectors,9686551,11.02,1829.5623,16604.90833
2008-11,FL,Florida,COM,commercial,1138714,10.53,771.74581,7330.5693
2008-11,FL,Florida,IND,industrial,21278,8.62,134.04884,1555.14348
2008-11,FL,Florida,OTH,other,,,,
2008-11,FL,Florida,RES,residential,8526534,11.97,923.0083,7712.08025
2008-11,FL,Florida,TRA,transportation,25,10.67,.75935,7.11531
2008-11,GA,Georgia,ALL,all sectors,4599581,8.55,827.02146,9671.82745
2008-11,GA,Georgia,COM,commercial,544221,9,319.97725,3556.74328
2008-11,GA,Georgia,IND,industrial,15885,6.51,159.40021,2448.51986
2008-11,GA,Georgia,OTH,other,,,,
2008-11,GA,Georgia,RES,residential,4039474,9.49,346.73353,3653.04273
2008-11,GA,Georgia,TRA,transportation,1,6.73,.91047,13.52159
2008-11,HI,Hawaii,ALL,all sectors,471493,29.94,251.54079,840.01787
2008-11,HI,Hawaii,COM,commercial,61362,30.47,87.89392,288.46909
2008-11,HI,Hawaii,IND,industrial,665,26.72,82.3614,308.25407
2008-11,HI,Hawaii,OTH,other,,,,
2008-11,HI,Hawaii,RES,residential,409466,33.41,81.28547,243.29471
2008-11,HI,Hawaii,TRA,transportation,0,0,0,0
2008-11,ID,Idaho,ALL,all sectors,782141,5.94,102.9996,1733.9775
2008-11,ID,Idaho,COM,commercial,99792,6.08,29.85093,490.83659
2008-11,ID,Idaho,IND,industrial,25702,4.1,22.11577,538.87744
2008-11,ID,Idaho,OTH,other,,,,
2008-11,ID,Idaho,RES,residential,656647,7.25,51.03291,704.26347
2008-11,ID,Idaho,TRA,transportation,0,0,0,0
2008-11,IL,Illinois,ALL,all sectors,5679981,9.66,1065.23741,11025.167
2008-11,IL,Illinois,COM,commercial,579791,9.55,372.24961,3899.90538
2008-11,IL,Illinois,IND,industrial,5988,7.19,253.17618,3521.74113
2008-11,IL,Illinois,OTH,other,,,,
2008-11,IL,Illinois,RES,residential,5094198,12.24,436.40642,3564.28717
2008-11,IL,Illinois,TRA,transportation,4,8.68,3.4052,39.23332
2008-11,IN,Indiana,ALL,all sectors,3093288,7.58,607.54977,8018.21872
2008-11,IN,Indiana,COM,commercial,341837,8.33,155.79523,1869.37084
2008-11,IN,Indiana,IND,industrial,18118,5.8,210.11723,3624.40634
2008-11,IN,Indiana,OTH,other,,,,
2008-11,IN,Indiana,RES,residential,2733332,9.57,241.48431,2522.99054
2008-11,IN,Indiana,TRA,transportation,1,10.54,.153,1.451
2008-11,IA,Iowa,ALL,all sectors,1541060,6.29,223.75435,3554.9537
2008-11,IA,Iowa,COM,commercial,211847,6.7,61.75133,922.03039
2008-11,IA,Iowa,IND,industrial,5727,4.36,70.30765,1611.83359
2008-11,IA,Iowa,OTH,other,,,,
2008-11,IA,Iowa,RES,residential,1323486,8.98,91.69537,1021.08972
2008-11,IA,Iowa,TRA,transportation,0,0,0,0
2008-11,KS,Kansas,ALL,all sectors,1515597,6.99,203.27082,2907.26583
2008-11,KS,Kansas,COM,commercial,237666,7.01,81.64923,1165.16081
2008-11,KS,Kansas,IND,industrial,19660,5.44,47.04609,865.34975
2008-11,KS,Kansas,OTH,other,,,,
2008-11,KS,Kansas,RES,residential,1258271,8.51,74.5755,876.75527
2008-11,KS,Kansas,TRA,transportation,0,0,0,0
2008-12,AK,Alaska,IND,industrial,1206,12.38,13.11615,105.92052
2008-12,AK,Alaska,OTH,other,,,,
2008-12,AK,Alaska,RES,residential,268318,16.23,35.39712,218.06927
2008-12,AK,Alaska,TRA,transportation,0,0,0,0
2008-12,AZ,Arizona,ALL,all sectors,2852209,8.48,460.94053,5437.53019
2008-12,AZ,Arizona,COM,commercial,301187,8.41,187.89076,2233.55291
2008-12,AZ,Arizona,IND,industrial,7233,6.23,64.15134,1029.48206
2008-12,AZ,Arizona,OTH,other,,,,
2008-12,AZ,Arizona,RES,residential,2543789,9.61,208.89843,2174.49521
2008-12,AZ,Arizona,TRA,transportation,0,0,0,0
2008-12,AR,Arkansas,ALL,all sectors,1517428,7.5,269.03835,3585.76603
2008-12,AR,Arkansas,COM,commercial,176650,7.42,67.23858,905.81115
2008-12,AR,Arkansas,IND,industrial,30217,6.03,68.7395,1140.5643
2008-12,AR,Arkansas,OTH,other,,,,
2008-12,AR,Arkansas,RES,residential,1310559,8.64,133.05633,1539.3589
2008-12,AR,Arkansas,TRA,transportation,2,12.45,.00394,.03169
2008-12,CA,California,ALL,all sectors,15256613,11.64,2613.09912,22447.75299
2008-12,CA,California,COM,commercial,1862815,11.11,1144.40358,10297.13393
2008-12,CA,California,IND,industrial,76209,9.11,380.35591,4174.65615
2008-12,CA,California,OTH,other,,,,
2008-12,CA,California,RES,residential,13317082,13.7,1082.48169,7904.0588
2008-12,CA,California,TRA,transportation,507,8.15,5.85794,71.90412
2008-12,CO,Colorado,ALL,all sectors,2553879,8.01,351.97961,4394.61333
2008-12,CO,Colorado,COM,commercial,359048,7.8,131.75261,1690.02346
2008-12,CO,Colorado,IND,industrial,13001,6.13,65.24626,1064.85317
2020-02,WA,Washington,ALL,all sectors,3543908,8.14,654.56502,8042.69843
2020-02,WA,Washington,COM,commercial,384848,8.84,216.75017,2450.93555
2020-02,WA,Washington,IND,industrial,25672,4.7,93.13795,1980.9387
2020-02,WA,Washington,OTH,other,,,,
2020-02,WA,Washington,RES,residential,3133383,9.54,343.87558,3602.7504
2020-02,WA,Washington,TRA,transportation,5,9.93,.80132,8.07378
2020-02,WV,West Virginia,ALL,all sectors,1016257,8.8,244.85214,2781.67248
2020-02,WV,West Virginia,COM,commercial,145841,9.61,54.94098,571.50419
2020-02,WV,West Virginia,IND,industrial,11469,6.15,71.04698,1155.53981
2020-02,WV,West Virginia,OTH,other,,,,
2020-02,WV,West Virginia,RES,residential,858947,11.27,118.86417,1054.62847
2020-02,WV,West Virginia,TRA,transportation,0,0,0,0
2020-02,WI,Wisconsin,ALL,all sectors,3093736,10.54,585.34032,5553.42939
2020-02,WI,Wisconsin,COM,commercial,358605,10.54,199.35166,1890.69816
2020-02,WI,Wisconsin,IND,industrial,5461,7.01,130.13105,1857.34217
2020-02,WI,Wisconsin,OTH,other,,,,
2020-02,WI,Wisconsin,RES,residential,2729668,14.17,255.8416,1805.2773
2020-02,WI,Wisconsin,TRA,transportation,2,14.33,.01601,.11175
2020-02,WY,Wyoming,ALL,all sectors,344128,7.98,115.80818,1450.33652
2020-02,WY,Wyoming,COM,commercial,58064,9.25,27.86848,301.17888
2020-02,WY,Wyoming,IND,industrial,11065,6.69,57.5713,860.60862
2020-02,WY,Wyoming,OTH,other,,,,
2020-02,WY,Wyoming,RES,residential,274999,10.52,30.3684,288.54902
2020-02,WY,Wyoming,TRA,transportation,0,0,0,0
2020-02,NEW,New England,ALL,all sectors,7272503,18.24,1668.12476,9144.91726
2020-02,NEW,New England,COM,commercial,885086,16.35,662.9647,4053.88652
2020-02,NEW,New England,IND,industrial,22804,13.09,167.51984,1279.90721
2020-02,NEW,New England,OTH,other,,,,
2020-02,NEW,New England,RES,residential,6364607,22.11,832.39566,3765.57034
2008-03,TN,Tennessee,COM,commercial,459984,8.4,189.40468,2253.79097
2008-03,TN,Tennessee,IND,industrial,2118,5.5,148.03126,2692.49637
2008-03,TN,Tennessee,OTH,other,,,,
2008-03,TN,Tennessee,RES,residential,2682319,7.95,282.21247,3550.61262
2008-03,TN,Tennessee,TRA,transportation,1,6.6,.014,.212
2008-03,TX,Texas,ALL,all sectors,11033978,10.1,2564.65827,25400.90165
2008-09,OH,Ohio,ALL,all sectors,5512674,8.54,1095.15545,12821.11667
2008-09,OH,Ohio,COM,commercial,612693,9.37,373.25904,3984.08428
2008-09,OH,Ohio,IND,industrial,21165,6.23,307.50622,4938.61432
2008-09,OH,Ohio,OTH,other,,,,
2008-09,OH,Ohio,RES,residential,4878814,10.63,413.91678,3894.60566
2008-09,OH,Ohio,TRA,transportation,2,12.42,.47341,3.8124
2008-09,OK,Oklahoma,ALL,all sectors,1919434,8.69,416.26171,4789.44878
2008-09,OK,Oklahoma,COM,commercial,265218,8.88,148.53677,1673.42068
2008-09,OK,Oklahoma,IND,industrial,17624,6.43,85.82811,1334.14883
2008-09,OK,Oklahoma,OTH,other,,,,
2008-09,OK,Oklahoma,RES,residential,1636592,10.21,181.89683,1781.87928
2008-09,OK,Oklahoma,TRA,transportation,0,0,0,0
2008-09,OR,Oregon,ALL,all sectors,1880539,7.18,266.35149,3708.29613
2008-09,OR,Oregon,COM,commercial,235426,7.3,97.85459,1340.53302
2008-09,OR,Oregon,IND,industrial,27362,5.37,60.75087,1130.78758
2008-09,OR,Oregon,OTH,other,,,,
2008-09,OR,Oregon,RES,residential,1617707,8.71,107.64161,1235.41805
2008-09,OR,Oregon,TRA,transportation,44,6.7,.10442,1.55748
2008-09,PA,Pennsylvania,ALL,all sectors,5939131,9.35,1155.62917,12355.0483
2008-09,PA,Pennsylvania,COM,commercial,677276,9.46,385.08138,4070.03393
2008-09,PA,Pennsylvania,IND,industrial,27515,6.97,292.52026,4196.35064
2008-09,PA,Pennsylvania,OTH,other,,,,
2008-09,PA,Pennsylvania,RES,residential,5234326,11.76,472.64624,4019.42379
2008-09,PA,Pennsylvania,TRA,transportation,14,7.77,5.3813,69.23995
2008-09,RI,Rhode Island,ALL,all sectors,491297,16,99.57157,622.19169
2008-09,RI,Rhode Island,COM,commercial,56173,15.12,46.96585,310.6879
2008-09,RI,Rhode Island,IND,industrial,2047,13.82,11.47458,83.0416
2008-09,RI,Rhode Island,OTH,other,,,,
2008-09,RI,Rhode Island,RES,residential,433077,18,41.13113,228.4622
2008-09,RI,Rhode Island,TRA,transportation,0,0,0,0
2008-09,SC,South Carolina,ALL,all sectors,2424235,8.23,579.99929,7049.6774
2008-09,SC,South Carolina,COM,commercial,343954,8.72,171.38509,1964.65699
2008-09,SC,South Carolina,IND,industrial,4701,5.65,139.82476,2473.13854
2008-09,SC,South Carolina,OTH,other,,,,
2008-09,SC,South Carolina,RES,residential,2075580,10.29,268.78944,2611.88187
2008-09,SC,South Carolina,TRA,transportation,0,0,0,0
2008-09,SD,South Dakota,ALL,all sectors,432446,7.56,64.27483,849.82909
2008-09,SD,South Dakota,COM,commercial,64803,7.39,25.93628,351.02703
2008-09,SD,South Dakota,IND,industrial,3590,5.51,11.22801,203.6241
2008-09,SD,South Dakota,OTH,other,,,,
2008-09,SD,South Dakota,RES,residential,364053,9.18,27.11054,295.17796
2008-09,SD,South Dakota,TRA,transportation,0,0,0,0
2008-09,TN,Tennessee,ALL,all sectors,3159316,8.19,772.0325,9426.47913
2008-09,TN,Tennessee,COM,commercial,461394,9.13,253.11282,2770.83702
2008-09,TN,Tennessee,IND,industrial,2053,6.3,181.42716,2878.40865
2008-09,TN,Tennessee,OTH,other,,,,
2008-09,TN,Tennessee,RES,residential,2695868,8.93,337.47652,3777.11946
2008-09,TN,Tennessee,TRA,transportation,1,14.04,.016,.114
2008-09,TX,Texas,ALL,all sectors,11033197,11.33,3465.81922,30580.54374
2008-09,TX,Texas,COM,commercial,1421589,10.78,1080.22797,10022.21935
2008-09,TX,Texas,IND,industrial,159701,8.93,764.98105,8564.72975
2008-09,TX,Texas,OTH,other,,,,
2008-09,TX,Texas,RES,residential,9451865,13.51,1620.09499,11987.61196
2008-09,TX,Texas,TRA,transportation,42,8.61,.51521,5.98269
2008-09,UT,Utah,ALL,all sectors,1052020,6.99,156.95993,2244.07852
2008-09,UT,Utah,COM,commercial,115715,7.35,62.8923,855.58372
2008-09,UT,Utah,IND,industrial,9508,5.09,37.06382,728.21153
2008-09,UT,Utah,OTH,other,,,,
2008-09,UT,Utah,RES,residential,926789,8.63,56.79431,657.78423
2008-09,UT,Utah,TRA,transportation,8,8.38,.2095,2.49904
2008-09,VT,Vermont,ALL,all sectors,357256,12.5,57.5087,460.16504
2008-09,VT,Vermont,COM,commercial,49554,12.74,21.8982,171.8285
2008-09,VT,Vermont,IND,industrial,311,9.26,12.27337,132.53379
2008-09,VT,Vermont,OTH,other,,,,
2008-09,VT,Vermont,RES,residential,307391,14.98,23.33713,155.80274
2008-09,VT,Vermont,TRA,transportation,0,0,0,0
2008-09,VA,Virginia,ALL,all sectors,3586768,8.66,784.26872,9054.76491
2008-09,VA,Virginia,COM,commercial,405687,8.01,328.44452,4100.78609
2008-09,VA,Virginia,IND,industrial,5338,6.25,95.72037,1531.50845
2008-09,VA,Virginia,OTH,other,,,,
2008-09,VA,Virginia,RES,residential,3175742,10.53,358.67499,3405.99737
2008-09,VA,Virginia,TRA,transportation,1,8.67,1.42885,16.473
2008-09,WA,Washington,ALL,all sectors,3179968,6.48,415.81042,6419.70618
2008-09,WA,Washington,COM,commercial,352595,6.69,161.57646,2415.14608
2008-09,WA,Washington,IND,industrial,30957,4.59,82.11619,1788.67077
2008-09,WA,Washington,OTH,other,,,,
2008-09,WA,Washington,RES,residential,2796412,7.77,172.11051,2215.7622
2008-09,WA,Washington,TRA,transportation,4,5.7,.00725,.12714
2008-09,WV,West Virginia,ALL,all sectors,1011302,5.72,148.85667,2604.61371
2008-09,WV,West Virginia,COM,commercial,136111,6.15,39.45324,641.63817
2008-09,WV,West Virginia,IND,industrial,12045,4.35,51.60843,1186.44348
2008-09,WV,West Virginia,OTH,other,,,,
2008-09,WV,West Virginia,RES,residential,863145,7.44,57.7712,776.10507
2008-09,WV,West Virginia,TRA,transportation,1,5.58,.02381,.42699
2008-09,WI,Wisconsin,ALL,all sectors,2923545,9.32,527.48812,5661.77734
2008-09,WI,Wisconsin,COM,commercial,334980,9.69,190.73149,1967.60702
2008-09,WI,Wisconsin,IND,industrial,5672,6.84,144.27608,2109.39334
2008-09,WI,Wisconsin,OTH,other,,,,
2008-09,WI,Wisconsin,RES,residential,2582893,12.15,192.48056,1584.77698
2008-09,WI,Wisconsin,TRA,transportation,0,0,0,0
2008-09,WY,Wyoming,ALL,all sectors,323507,5.72,73.50766,1284.50483
2008-09,WY,Wyoming,COM,commercial,60150,6.95,24.3124,349.99586
2008-09,WY,Wyoming,IND,industrial,9453,4.51,34.98743,775.70796
2008-09,WY,Wyoming,OTH,other,,,,
2008-09,WY,Wyoming,RES,residential,253904,8.95,14.20782,158.80101
2008-09,WY,Wyoming,TRA,transportation,0,0,0,0
2008-09,NEW,New England,ALL,all sectors,6997451,16.3,1706.76504,10469.14159
2008-09,NEW,New England,COM,commercial,836179,15.9,776.12909,4882.00035
2008-09,NEW,New England,IND,industrial,27927,13.64,260.43968,1909.70749
2008-09,NEW,New England,OTH,other,,,,
2008-09,NEW,New England,RES,residential,6133337,18.21,663.96637,3645.91025
2008-09,NEW,New England,TRA,transportation,8,19.76,6.2299,31.52351
2008-09,MAT,Middle Atlantic,ALL,all sectors,17777710,13.95,4474.33091,32064.35622
2008-09,MAT,Middle Atlantic,COM,commercial,2176624,14.93,2160.48856,14471.9128
2008-09,MAT,Middle Atlantic,IND,industrial,49550,8.44,543.81219,6444.44977
2008-09,MAT,Middle Atlantic,OTH,other,,,,
2008-09,MAT,Middle Atlantic,RES,residential,15551493,16,1728.93873,10806.14857
2008-09,MAT,Middle Atlantic,TRA,transportation,43,12.02,41.09143,341.84509
2008-09,ENC,East North Central,ALL,all sectors,22008718,8.75,4183.72586,47807.21388
2008-09,ENC,East North Central,COM,commercial,2390045,9.26,1459.19833,15755.54497
2008-09,ENC,East North Central,IND,industrial,64433,6.63,1187.46646,17903.84388
2008-09,ENC,East North Central,OTH,other,,,,
2008-09,ENC,East North Central,RES,residential,19554232,10.87,1532.67928,14097.06008
2008-09,ENC,East North Central,TRA,transportation,8,8.63,4.38179,50.76496
2008-09,WNC,West North Central,ALL,all sectors,10511374,7.43,1725.11448,23211.47659
2008-09,WNC,West North Central,COM,commercial,1365908,7.42,615.88841,8299.48085
2008-09,WNC,West North Central,IND,industrial,117858,5.61,421.72368,7511.76205
2008-09,WNC,West North Central,OTH,other,,,,
2008-09,WNC,West North Central,RES,residential,9027606,9.29,687.2274,7396.62569
2008-09,WNC,West North Central,TRA,transportation,2,7.62,.275,3.608
2008-09,SAT,South Atlantic,ALL,all sectors,29279210,9.86,7069.44385,71677.85455
2008-09,SAT,South Atlantic,COM,commercial,3548257,9.71,2694.20127,27745.73664
2008-09,SAT,South Atlantic,IND,industrial,80617,6.65,843.66935,12688.09367
2008-09,SAT,South Atlantic,OTH,other,,,,
2008-09,SAT,South Atlantic,RES,residential,25650301,11.3,3516.92181,31133.09472
2008-09,SAT,South Atlantic,TRA,transportation,35,13.21,14.65143,110.92952
2008-09,ESC,East South Central,ALL,all sectors,9363254,8.23,2419.48635,29405.7843
2008-09,ESC,East South Central,COM,commercial,1355051,9.29,725.12099,7801.63821
2008-09,ESC,East South Central,IND,industrial,25319,6.09,668.19191,10968.16359
2008-09,ESC,East South Central,OTH,other,,,,
2008-09,ESC,East South Central,RES,residential,7982883,9.65,1026.15745,10635.86851
2008-09,ESC,East South Central,TRA,transportation,1,14.04,.016,.114
2008-09,WSC,West South Central,ALL,all sectors,16685173,10.65,4961.19906,46595.95604
2008-09,WSC,West South Central,COM,commercial,2129719,10.39,1544.02576,14865.59338
2008-09,WSC,West South Central,IND,industrial,234359,8.42,1151.0272,13669.7351
2008-09,WSC,West South Central,OTH,other,,,,
2008-09,WSC,West South Central,RES,residential,14321030,12.55,2265.56578,18054.16803
2008-09,WSC,West South Central,TRA,transportation,65,8.98,.58032,6.45952
2008-09,MTN,Mountain,ALL,all sectors,10297659,8.7,2052.9023,23585.22646
2008-09,MTN,Mountain,COM,commercial,1323247,8.79,730.07651,8301.76857
2008-09,MTN,Mountain,IND,industrial,85097,6.52,444.64282,6823.42439
2008-09,MTN,Mountain,OTH,other,,,,
2008-09,MTN,Mountain,RES,residential,8889289,10.38,877.51447,8452.88555
2008-09,MTN,Mountain,TRA,transportation,26,9.35,.6685,7.14796
2008-09,PACC,Pacific Contiguous,ALL,all sectors,19818294,11.45,4089.90033,35710.49632
2008-09,PACC,Pacific Contiguous,COM,commercial,2392856,12.14,1896.68885,15627.11707
2008-09,PACC,Pacific Contiguous,IND,industrial,135900,8.53,644.51901,7553.20382
2008-09,PACC,Pacific Contiguous,OTH,other,,,,
2008-09,PACC,Pacific Contiguous,RES,residential,17288983,12.38,1542.17242,12453.69507
2008-09,PACC,Pacific Contiguous,TRA,transportation,555,8.53,6.52006,76.48037
2008-09,PACN,Pacific Noncontiguous,ALL,all sectors,792422,26.66,367.50137,1378.70471
2008-09,PACN,Pacific Noncontiguous,COM,commercial,108998,25.05,134.76741,538.05435
2008-09,PACN,Pacific Noncontiguous,IND,industrial,2279,25.92,113.5237,437.97146
2008-09,PACN,Pacific Noncontiguous,OTH,other,,,,
2008-09,PACN,Pacific Noncontiguous,RES,residential,681145,29.6,119.21026,402.6789
2008-09,PACN,Pacific Noncontiguous,TRA,transportation,0,0,0,0
2008-09,US,U.S. Total,ALL,all sectors,143531265,10.27,33050.36954,321906.21066
2008-09,US,U.S. Total,COM,commercial,17626884,10.77,12736.58516,118288.84717
2008-09,US,U.S. Total,IND,industrial,823339,7.31,6279.016,85910.35521
2008-09,US,U.S. Total,OTH,other,,,,
2008-09,US,U.S. Total,RES,residential,125080299,11.92,13960.35395,117078.13536
2008-09,US,U.S. Total,TRA,transportation,743,11.83,74.41443,628.87292
2008-10,HI,Hawaii,RES,residential,410288,35.74,91.1211,254.98173
2008-10,HI,Hawaii,TRA,transportation,0,0,0,0
2008-10,ID,Idaho,ALL,all sectors,782633,5.89,101.6106,1724.82209
2008-10,ID,Idaho,COM,commercial,99712,6.03,29.30848,485.77463
2008-10,ID,Idaho,IND,industrial,26114,4.46,29.4093,659.35101
2008-10,ID,Idaho,OTH,other,,,,
2008-10,ID,Idaho,RES,residential,656807,7.4,42.89283,579.69645
2008-10,ID,Idaho,TRA,transportation,0,0,0,0
2008-10,IL,Illinois,ALL,all sectors,5662818,9.53,1080.4951,11337.02148
2008-10,IL,Illinois,COM,commercial,576302,9.52,410.69906,4314.74238
2008-10,IL,Illinois,IND,industrial,5967,7.51,289.6151,3854.56246
2008-10,IL,Illinois,OTH,other,,,,
2008-10,IL,Illinois,RES,residential,5080545,12.05,376.83227,3128.42989
2008-10,IL,Illinois,TRA,transportation,4,8.52,3.34867,39.28676
2008-10,IN,Indiana,ALL,all sectors,3089184,7.64,624.34224,8177.25348
2008-10,IN,Indiana,COM,commercial,341864,8.23,166.34585,2020.74053
2008-11,CO,Colorado,ALL,all sectors,2549649,8.3,341.62638,4114.2738
2008-11,CO,Colorado,COM,commercial,358473,8.3,139.76671,1684.28175
2008-11,CO,Colorado,IND,industrial,13081,6.4,72.45643,1131.76194
2008-11,CO,Colorado,OTH,other,,,,
2008-11,CO,Colorado,RES,residential,2178094,9.97,129.08724,1294.1951
2008-11,CO,Colorado,TRA,transportation,1,7.83,.316,4.035
2008-11,CT,Connecticut,ALL,all sectors,1604785,18.11,431.4566,2382.54946
2009-10,PACC,Pacific Contiguous,COM,commercial,2422234,11.89,1740.58429,14633.39695
2009-10,PACC,Pacific Contiguous,IND,industrial,124561,8.74,621.29008,7106.97119
2009-10,PACC,Pacific Contiguous,OTH,other,,,,
2009-10,PACC,Pacific Contiguous,RES,residential,17578914,11.94,1361.68977,11399.77382
2009-10,PACC,Pacific Contiguous,TRA,transportation,558,8.73,6.46781,74.12985
2009-10,PACN,Pacific Noncontiguous,ALL,all sectors,794587,20.44,290.24269,1420.30527
2009-10,PACN,Pacific Noncontiguous,COM,commercial,108142,20.02,107.40673,536.57845
2009-10,PACN,Pacific Noncontiguous,IND,industrial,1948,18.6,83.0301,446.30093
2009-10,PACN,Pacific Noncontiguous,OTH,other,,,,
2009-10,PACN,Pacific Noncontiguous,RES,residential,684497,22.82,99.80586,437.42589
2009-10,PACN,Pacific Noncontiguous,TRA,transportation,0,0,0,0
2009-10,US,U.S. Total,ALL,all sectors,143889070,9.7,27856.49521,287116.30848
2009-10,US,U.S. Total,COM,commercial,17653521,10.13,10991.16194,108513.64705
2009-10,US,U.S. Total,IND,industrial,731920,6.7,5321.96673,79450.79424
2009-10,US,U.S. Total,OTH,other,,,,
2009-10,US,U.S. Total,RES,residential,125502921,11.65,11481.04452,98552.02288
2009-10,US,U.S. Total,TRA,transportation,708,10.39,62.32202,599.84432
2009-11,KS,Kansas,ALL,all sectors,1453262,7.75,216.79369,2799.12722
2009-11,KS,Kansas,COM,commercial,218585,7.73,86.40931,1118.38749
2009-11,KS,Kansas,IND,industrial,22941,5.9,48.06776,814.36705
2009-11,KS,Kansas,OTH,other,,,,
2009-11,KS,Kansas,RES,residential,1211736,9.5,82.31661,866.37267
2009-11,KS,Kansas,TRA,transportation,0,0,0,0
2009-11,KY,Kentucky,ALL,all sectors,2229859,6.04,422.88154,7004.76216
2009-11,KY,Kentucky,COM,commercial,295440,7.18,98.64662,1374.71173
2009-11,KY,Kentucky,IND,industrial,7129,4.71,181.99212,3863.49757
2009-11,KY,Kentucky,OTH,other,,,,
2009-11,KY,Kentucky,RES,residential,1927290,8.05,142.2428,1766.55285
2009-11,KY,Kentucky,TRA,transportation,0,0,0,0
2009-11,LA,Louisiana,ALL,all sectors,2239499,6.13,362.00951,5903.60693
2009-11,LA,Louisiana,COM,commercial,269497,7.14,128.82735,1804.64063
2009-11,LA,Louisiana,IND,industrial,18348,4.29,96.40222,2249.2092
2009-11,LA,Louisiana,OTH,other,,,,
2009-11,LA,Louisiana,RES,residential,1951631,7.39,136.68783,1848.84806
2009-11,LA,Louisiana,TRA,transportation,23,10.13,.09212,.90905
2009-11,ME,Maine,ALL,all sectors,788099,12.79,114.62322,896.46093
2009-11,ME,Maine,COM,commercial,87924,12.41,37.86201,305.0874
2009-11,ME,Maine,IND,industrial,2852,9.47,23.5769,249.02373
2009-11,ME,Maine,OTH,other,,,,
2009-11,ME,Maine,RES,residential,697323,15.54,53.18431,342.3498
2009-11,ME,Maine,TRA,transportation,0,0,0,0
2009-11,MD,Maryland,ALL,all sectors,2443290,12.62,573.43652,4544.17108
2009-11,MD,Maryland,COM,commercial,243276,12.01,269.20273,2240.62027
2009-11,MD,Maryland,IND,industrial,8785,9.4,40.85446,434.82746
2009-11,MD,Maryland,OTH,other,,,,
2009-11,MD,Maryland,RES,residential,2191224,14.16,258.81125,1827.75872
2009-11,MD,Maryland,TRA,transportation,5,11.15,4.56809,40.96464
2009-11,MA,Massachusetts,ALL,all sectors,3043033,14.6,618.27614,4234.32556
2009-11,MA,Massachusetts,COM,commercial,375158,14.46,197.06421,1362.36292
2009-11,MA,Massachusetts,IND,industrial,16064,13.61,190.91538,1402.86206
2009-11,MA,Massachusetts,OTH,other,,,,
2009-11,MA,Massachusetts,RES,residential,2651810,15.85,228.65972,1442.34709
2009-11,MA,Massachusetts,TRA,transportation,1,6.12,1.63683,26.7535
2009-11,MI,Michigan,ALL,all sectors,4788032,9.16,721.41106,7871.52008
2009-11,MI,Michigan,COM,commercial,522017,9.49,281.876,2970.16549
2009-11,MI,Michigan,IND,industrial,12642,6.03,135.88006,2252.93207
2009-11,MI,Michigan,OTH,other,,,,
2009-11,MI,Michigan,RES,residential,4253372,11.47,303.61599,2648.04552
2009-11,MI,Michigan,TRA,transportation,1,10.34,.039,.377
2009-11,MN,Minnesota,ALL,all sectors,2572457,7.95,407.88801,5128.57063
2009-11,MN,Minnesota,COM,commercial,273837,7.86,136.08345,1731.93334
2009-11,MN,Minnesota,IND,industrial,8401,5.98,100.16315,1674.17018
2009-11,MN,Minnesota,OTH,other,,,,
2009-11,MN,Minnesota,RES,residential,2290218,9.97,171.5034,1720.6851
2009-11,MN,Minnesota,TRA,transportation,1,7.74,.138,1.782
2009-11,MS,Mississippi,ALL,all sectors,1473843,8.5,285.5353,3359.09139
2009-11,MS,Mississippi,COM,commercial,221853,9.53,93.29941,979.47737
2009-11,MS,Mississippi,IND,industrial,6856,6.1,77.93587,1277.63174
2009-11,MS,Mississippi,OTH,other,,,,
2009-11,MS,Mississippi,RES,residential,1245134,10.37,114.30002,1101.98228
2009-11,MS,Mississippi,TRA,transportation,0,0,0,0
2009-11,MO,Missouri,ALL,all sectors,3067136,6.48,379.91868,5866.92061
2009-11,MO,Missouri,COM,commercial,368941,6.13,139.11741,2269.74392
2009-11,MO,Missouri,IND,industrial,8921,4.88,62.93879,1290.80887
2009-11,MO,Missouri,OTH,other,,,,
2016-11,ME,Maine,IND,industrial,2961,9.04,21.39622,236.66278
2016-11,ME,Maine,OTH,other,,,,
2016-11,ME,Maine,RES,residential,683385,16.21,53.32149,328.958
2016-11,ME,Maine,TRA,transportation,0,0,0,0
2019-11,ENC,East North Central,RES,residential,20329569,13.49,1940.35588,14384.10174
2019-11,ENC,East North Central,TRA,transportation,11,7.65,3.38487,44.26797
2019-11,WNC,West North Central,ALL,all sectors,11187427,9.06,2148.70786,23726.29261
2019-11,WNC,West North Central,COM,commercial,1471133,9.13,732.88405,8029.5515
2019-11,WNC,West North Central,IND,industrial,122543,6.74,519.62506,7709.7825
2019-11,WNC,West North Central,OTH,other,,,,
2019-11,WNC,West North Central,RES,residential,9593748,11.22,895.89392,7983.06783
2019-11,WNC,West North Central,TRA,transportation,3,7.83,.30484,3.89079
2019-11,SAT,South Atlantic,ALL,all sectors,32507002,10,6211.53898,62146.611
2019-11,SAT,South Atlantic,COM,commercial,3865326,9.49,2301.63059,24258.49442
2019-11,SAT,South Atlantic,IND,industrial,85240,6.4,721.07735,11269.37254
2019-11,SAT,South Atlantic,OTH,other,,,,
2019-11,SAT,South Atlantic,RES,residential,28556423,12,3179.94667,26503.74073
2019-11,SAT,South Atlantic,TRA,transportation,13,7.73,8.88437,115.00331
2019-11,ESC,East South Central,ALL,all sectors,9924051,9.44,2194.52138,23236.76976
2019-11,ESC,East South Central,COM,commercial,1422087,10.97,763.76271,6959.8054
2019-11,ESC,East South Central,IND,industrial,24872,5.83,454.98551,7805.49323
2019-11,ESC,East South Central,OTH,other,,,,
2019-11,ESC,East South Central,RES,residential,8477092,11.52,975.77316,8471.47114
2019-11,ESC,East South Central,TRA,transportation,0,0,0,0
2019-11,WSC,West South Central,ALL,all sectors,19238657,8.21,3751.95266,45713.37329
2019-11,WSC,West South Central,COM,commercial,2309099,8.25,1203.13538,14580.69159
2019-12,UT,Utah,ALL,all sectors,1270143,7.7,201.07493,2610.8003
2019-12,UT,Utah,COM,commercial,132402,7.43,71.82999,967.07859
2019-12,UT,Utah,IND,industrial,10682,5.42,42.36804,781.36059
2019-12,UT,Utah,OTH,other,,,,
2019-12,UT,Utah,RES,residential,1127058,10.07,86.41512,858.0222
2019-12,UT,Utah,TRA,transportation,1,10.64,.46177,4.33892
2019-12,VT,Vermont,ALL,all sectors,375411,16.19,78.65916,485.84726
2019-12,VT,Vermont,COM,commercial,59058,16.15,25.93613,160.63453
2019-12,VT,Vermont,IND,industrial,242,11.24,13.815,122.88453
2019-12,VT,Vermont,OTH,other,,,,
2019-12,VT,Vermont,RES,residential,316111,19.23,38.90803,202.32821
2019-12,VT,Vermont,TRA,transportation,0,0,0,0
2019-12,VA,Virginia,ALL,all sectors,3919863,9.53,967.1168,10152.60081
2019-12,VA,Virginia,COM,commercial,435784,8.11,354.10715,4367.92814
2019-12,VA,Virginia,IND,industrial,3697,6.72,86.91363,1293.07017
2019-12,VA,Virginia,OTH,other,,,,
2019-12,VA,Virginia,RES,residential,3480381,11.73,524.25206,4468.25652
2019-12,VA,Virginia,TRA,transportation,1,7.9,1.84396,23.34599
2019-12,WA,Washington,ALL,all sectors,3559254,8.17,703.90658,8614.63937
2019-12,WA,Washington,COM,commercial,389912,8.84,232.38318,2629.33681
2019-12,WA,Washington,IND,industrial,27073,4.68,96.69845,2067.90033
2019-12,WA,Washington,OTH,other,,,,
2019-12,WA,Washington,RES,residential,3142264,9.57,373.98932,3908.73754
2019-12,WA,Washington,TRA,transportation,5,9.64,.83564,8.66469
2019-12,WV,West Virginia,ALL,all sectors,1015745,8.38,246.93182,2946.91785
2010-07,AL,Alabama,ALL,all sectors,2517299,9.14,825.60801,9032.34484
2010-07,AL,Alabama,COM,commercial,359088,10.04,227.75231,2268.29336
2010-07,AL,Alabama,IND,industrial,7053,6.26,182.63197,2915.18792
2010-07,AL,Alabama,OTH,other,,,,
2010-07,AL,Alabama,RES,residential,2151158,10.79,415.22374,3848.86356
2010-07,AL,Alabama,TRA,transportation,0,0,0,0
2010-07,AK,Alaska,ALL,all sectors,322073,14.76,71.93335,487.39451
2010-07,AK,Alaska,COM,commercial,47878,14.18,31.67139,223.28536
2010-07,AK,Alaska,IND,industrial,1612,13.27,15.278,115.17317
2010-07,US,U.S. Total,ALL,all sectors,144563790,10.46,38600.65658,369017.71929
2010-07,US,U.S. Total,COM,commercial,17741672,10.72,13711.75038,127923.96458
2010-07,US,U.S. Total,IND,industrial,810800,7.23,6196.85717,85743.80969
2010-07,US,U.S. Total,OTH,other,,,,
2010-07,US,U.S. Total,RES,residential,126011081,12.04,18619.49465,154688.71374
2010-07,US,U.S. Total,TRA,transportation,237,10.97,72.55439,661.23129
2010-11,OR,Oregon,RES,residential,1629977,8.98,145.30055,1617.80814
2010-11,OR,Oregon,TRA,transportation,58,7.1,.14025,1.97591
2010-11,PA,Pennsylvania,ALL,all sectors,5953202,10.18,1128.52302,11081.93307
2010-11,PA,Pennsylvania,COM,commercial,679912,10,354.63888,3546.20306
2010-11,PA,Pennsylvania,IND,industrial,27296,7.65,272.22209,3556.53259
2010-11,PA,Pennsylvania,OTH,other,,,,
2010-11,PA,Pennsylvania,RES,residential,5245980,12.68,495.8967,3911.46904
2010-11,PA,Pennsylvania,TRA,transportation,14,8.51,5.76535,67.72838
2010-11,RI,Rhode Island,ALL,all sectors,493904,13.8,82.32967,596.69379
2010-11,RI,Rhode Island,COM,commercial,57151,12.8,36.80621,287.47695
2010-11,RI,Rhode Island,IND,industrial,1972,11.11,8.73936,78.69436
2010-11,RI,Rhode Island,OTH,other,,,,
2010-11,RI,Rhode Island,RES,residential,434780,15.97,36.47669,228.41476
2010-11,RI,Rhode Island,TRA,transportation,1,14.58,.30741,2.10772
2010-11,SC,South Carolina,ALL,all sectors,2443878,8.4,480.71597,5720.328
2010-11,SC,South Carolina,COM,commercial,340481,9.21,142.97155,1551.62026
2010-11,SC,South Carolina,IND,industrial,4489,5.65,130.42185,2307.02716
2010-11,SC,South Carolina,OTH,other,,,,
2010-11,SC,South Carolina,RES,residential,2098908,11.14,207.32258,1861.68058
2010-11,SC,South Carolina,TRA,transportation,0,0,0,0
2010-11,SD,South Dakota,ALL,all sectors,440847,7.79,67.9524,871.88503
2010-11,SD,South Dakota,COM,commercial,66488,7.52,25.59642,340.56025
2010-11,SD,South Dakota,IND,industrial,2949,5.9,11.5867,196.48083
2010-11,SD,South Dakota,OTH,other,,,,
2010-11,SD,South Dakota,RES,residential,371410,9.19,30.76929,334.84396
2010-11,SD,South Dakota,TRA,transportation,0,0,0,0
2010-11,TN,Tennessee,ALL,all sectors,3164212,9.09,637.44775,7011.11011
2010-11,TN,Tennessee,COM,commercial,461942,10.55,220.56739,2091.65061
2010-11,TN,Tennessee,IND,industrial,2056,6.66,159.32121,2392.61577
2010-11,TN,Tennessee,OTH,other,,,,
2010-11,TN,Tennessee,RES,residential,2700213,10.19,257.54415,2526.70772
2010-11,TN,Tennessee,TRA,transportation,1,11.03,.015,.136
2010-11,TX,Texas,ALL,all sectors,11158445,8.66,2141.69766,24739.32711
2010-11,TX,Texas,COM,commercial,1453486,8.75,781.61842,8930.21184
2010-11,TX,Texas,IND,industrial,126267,6.07,496.1881,8178.68889
2010-11,TX,Texas,OTH,other,,,,
2010-11,TX,Texas,RES,residential,9578689,11.32,863.22333,7623.61708
2010-11,TX,Texas,TRA,transportation,3,9.81,.66782,6.8093
2010-11,UT,Utah,ALL,all sectors,1071732,6.2,138.82923,2239.35002
2010-11,UT,Utah,COM,commercial,123540,6.7,53.93971,804.77929
2010-11,UT,Utah,IND,industrial,9350,4.15,33.31725,802.10358
2010-11,UT,Utah,OTH,other,,,,
2010-11,UT,Utah,RES,residential,938831,8.15,51.32684,629.63019
2010-11,UT,Utah,TRA,transportation,11,8.65,.24543,2.83696
2010-11,VT,Vermont,ALL,all sectors,359159,13.44,58.65098,436.54618
2010-12,MN,Minnesota,IND,industrial,9250,6.32,121.37902,1920.40882
2009-12,NH,New Hampshire,OTH,other,,,,
2009-12,NH,New Hampshire,RES,residential,591161,16.17,62.91146,389.00561
2009-12,NH,New Hampshire,TRA,transportation,0,0,0,0
2010-12,MN,Minnesota,OTH,other,,,,
2010-12,MN,Minnesota,RES,residential,2306471,10.32,230.39214,2232.80557
2010-12,MN,Minnesota,TRA,transportation,1,7.76,.144,1.855
2010-11,VT,Vermont,COM,commercial,50866,13.8,21.80734,157.99562
2010-11,VT,Vermont,IND,industrial,219,9.65,11.35443,117.69343
2010-11,VT,Vermont,OTH,other,,,,
2010-11,VT,Vermont,RES,residential,308074,15.85,25.48922,160.85712
2010-11,VT,Vermont,TRA,transportation,0,0,0,0
2010-11,VA,Virginia,ALL,all sectors,3737335,8.43,685.63459,8134.92644
2010-11,VA,Virginia,COM,commercial,427381,7.61,273.00328,3586.00271
2010-11,VA,Virginia,IND,industrial,5716,6.6,97.17679,1472.79598
2010-11,VA,Virginia,OTH,other,,,,
2010-11,VA,Virginia,RES,residential,3304237,10.27,314.44218,3062.39375
2010-11,VA,Virginia,TRA,transportation,1,7.37,1.01235,13.734
2010-11,WA,Washington,ALL,all sectors,3193558,6.86,501.35414,7309.61289
2010-11,WA,Washington,COM,commercial,353217,7.6,179.25241,2357.15955
2010-11,WA,Washington,IND,industrial,24106,4.29,92.80678,2165.68678
2010-11,WA,Washington,OTH,other,,,,
2010-11,WA,Washington,RES,residential,2816229,8.23,229.25402,2786.23914
2010-11,WA,Washington,TRA,transportation,6,7.76,.04093,.52742
2010-11,WV,West Virginia,ALL,all sectors,1018888,7.88,195.34526,2479.01269
2010-11,WV,West Virginia,COM,commercial,137103,8.16,50.90252,623.76288
2010-12,LA,Louisiana,COM,commercial,279438,8.03,145.77809,1814.95083
2010-12,LA,Louisiana,IND,industrial,18020,5.03,117.3419,2333.87604
2010-12,LA,Louisiana,OTH,other,,,,
2010-12,LA,Louisiana,RES,residential,2001856,8.19,194.90243,2379.28688
2010-12,LA,Louisiana,TRA,transportation,22,8.3,.06698,.80724
2010-12,ME,Maine,ALL,all sectors,791749,13.27,136.77238,1030.62221
2010-12,ME,Maine,COM,commercial,88188,12.31,44.50007,361.44627
2010-12,ME,Maine,IND,industrial,2837,10.22,24.31355,237.84416
2010-12,ME,Maine,OTH,other,,,,
2010-12,ME,Maine,RES,residential,700724,15.76,67.95876,431.33179
2010-12,ME,Maine,TRA,transportation,0,0,0,0
2010-12,MD,Maryland,ALL,all sectors,2458717,12.3,727.69424,5917.83404
2010-12,MD,Maryland,COM,commercial,244830,11.75,309.2693,2631.0311
2010-12,MD,Maryland,IND,industrial,8945,9.71,39.59925,407.71224
2010-12,MD,Maryland,OTH,other,,,,
2010-12,MD,Maryland,RES,residential,2204937,13.21,374.17916,2832.93804
2010-12,MD,Maryland,TRA,transportation,5,10.07,4.64653,46.15266
2010-12,MA,Massachusetts,ALL,all sectors,3061323,14.13,681.27932,4821.65055
2010-12,MA,Massachusetts,COM,commercial,378828,14.42,220.27093,1527.17377
2010-12,MA,Massachusetts,IND,industrial,16032,13.59,182.00808,1339.32837
2010-12,MA,Massachusetts,OTH,other,,,,
2010-12,MA,Massachusetts,RES,residential,2666461,14.42,277.10895,1921.46639
2010-12,MA,Massachusetts,TRA,transportation,2,5.62,1.89136,33.68201
2010-12,MI,Michigan,ALL,all sectors,4781894,9.54,858.89715,8999.88517
2010-12,MI,Michigan,COM,commercial,518815,9.59,271.05079,2826.65914
2010-12,MI,Michigan,IND,industrial,12688,6.8,202.30444,2973.217
2010-12,MI,Michigan,OTH,other,,,,
2010-12,MI,Michigan,RES,residential,4250390,12.05,385.49341,3199.53703
2010-12,MI,Michigan,TRA,transportation,1,10.28,.04851,.472
2010-12,MN,Minnesota,ALL,all sectors,2593834,8.39,510.47124,6081.59438
2010-12,MN,Minnesota,COM,commercial,278112,8.23,158.55609,1926.52498
2020-04,NY,New York,RES,residential,7255797,17.35,617.60957,3559.95949
2020-04,NY,New York,TRA,transportation,8,12.28,19.59918,159.61357
2020-04,NC,North Carolina,ALL,all sectors,5387226,9.68,838.90804,8666.86406
2020-04,NC,North Carolina,COM,commercial,707195,8.85,274.93539,3108.07574
2020-04,NC,North Carolina,IND,industrial,9792,6.46,114.30721,1768.97016
2020-04,NC,North Carolina,OTH,other,,,,
2020-04,NC,North Carolina,RES,residential,4670238,11.87,449.57355,3788.70193
2020-04,NC,North Carolina,TRA,transportation,1,8.23,.09188,1.11623
2020-04,ND,North Dakota,ALL,all sectors,471756,8.71,150.8205,1730.69592
2020-04,ND,North Dakota,COM,commercial,76584,8.89,46.18006,519.35611
2020-04,ND,North Dakota,IND,industrial,8942,7.86,63.02709,801.41379
2020-04,ND,North Dakota,OTH,other,,,,
2020-04,ND,North Dakota,RES,residential,386230,10.15,41.61335,409.92603
2020-04,ND,North Dakota,TRA,transportation,0,0,0,0
2020-04,OH,Ohio,ALL,all sectors,5656210,9.66,958.13765,9922.45861
2020-05,IL,Illinois,COM,commercial,628557,9.41,311.95152,3315.63595
2020-05,IL,Illinois,IND,industrial,5567,6.61,203.33189,3076.57347
2020-05,IL,Illinois,OTH,other,,,,
2020-05,IL,Illinois,RES,residential,5333881,14.29,464.68322,3251.43286
2020-05,IL,Illinois,TRA,transportation,3,5.89,1.9458,33.05674
2020-05,IN,Indiana,ALL,all sectors,3294295,9.83,686.95945,6985.77631
2020-05,IN,Indiana,COM,commercial,362795,10.94,175.54248,1604.62011
2020-05,IN,Indiana,IND,industrial,19382,7.08,222.07488,3137.3378
2020-05,IN,Indiana,OTH,other,,,,
2020-05,IN,Indiana,RES,residential,2912117,12.9,289.20118,2242.53037
2020-05,IN,Indiana,TRA,transportation,1,10.94,.1409,1.28804
2020-05,IA,Iowa,ALL,all sectors,1654420,9.14,341.16539,3732.53472
2020-05,IA,Iowa,COM,commercial,243627,10.89,86.89832,798.09392
2020-05,IA,Iowa,IND,industrial,9684,6.27,125.24681,1997.52589
2020-05,IA,Iowa,OTH,other,,,,
2020-05,IA,Iowa,RES,residential,1401109,13.77,129.02026,936.91491
2020-05,IA,Iowa,TRA,transportation,0,0,0,0
2020-05,KS,Kansas,ALL,all sectors,1544619,10.98,303.47748,2764.63703
2020-05,KS,Kansas,COM,commercial,235776,11.08,114.57601,1034.00957
2020-05,KS,Kansas,IND,industrial,24133,7.54,64.4061,854.48116
2020-05,KS,Kansas,OTH,other,,,,
2020-05,KS,Kansas,RES,residential,1284710,14.21,124.49537,876.14629
2020-05,KS,Kansas,TRA,transportation,0,0,0,0
2020-05,KY,Kentucky,ALL,all sectors,2326473,8.66,458.74877,5298.12172
2020-05,KY,Kentucky,COM,commercial,310846,10.77,144.12287,1338.34448
2020-05,KY,Kentucky,IND,industrial,5982,5.3,114.57271,2160.02873
2020-05,KY,Kentucky,OTH,other,,,,
2020-05,KY,Kentucky,RES,residential,2009645,11.12,200.0532,1799.74851
2020-05,KY,Kentucky,TRA,transportation,0,0,0,0
2020-05,LA,Louisiana,ALL,all sectors,2420447,7.46,505.05762,6769.04528
2020-05,LA,Louisiana,COM,commercial,295164,8.75,143.68908,1641.66808
2020-05,LA,Louisiana,IND,industrial,19275,4.92,143.80808,2921.9287
2020-05,LA,Louisiana,OTH,other,,,,
2020-05,LA,Louisiana,RES,residential,2106007,9.87,217.50926,2204.83593
2020-05,LA,Louisiana,TRA,transportation,1,8.36,.05121,.61257
2020-05,ME,Maine,ALL,all sectors,802584,13.61,109.91143,807.60208
2020-05,ME,Maine,COM,commercial,99133,12.67,31.83576,251.31129
2020-05,ME,Maine,IND,industrial,2641,8.91,17.49539,196.33362
2020-05,ME,Maine,OTH,other,,,,
2020-05,ME,Maine,RES,residential,700810,16.83,60.58027,359.95718
2020-05,ME,Maine,TRA,transportation,0,0,0,0
2020-05,MD,Maryland,ALL,all sectors,2638525,11.3,465.66191,4121.81588
2020-05,MD,Maryland,COM,commercial,256409,10.01,193.17118,1930.03206
2020-05,MD,Maryland,IND,industrial,8968,7.76,21.60642,278.52339
2020-05,MD,Maryland,OTH,other,,,,
2020-05,MD,Maryland,RES,residential,2373143,13.21,247.84534,1876.12644
2020-05,MD,Maryland,TRA,transportation,5,8.18,3.03897,37.134
2020-05,MA,Massachusetts,ALL,all sectors,3238269,17.79,642.02307,3609.59656
2020-05,MA,Massachusetts,COM,commercial,410489,15.22,252.41769,1658.14702
2020-05,MA,Massachusetts,IND,industrial,10892,14.44,72.08579,499.11045
2020-05,MA,Massachusetts,OTH,other,,,,
2020-05,MA,Massachusetts,RES,residential,2816886,22.16,316.34678,1427.53596
2020-05,MA,Massachusetts,TRA,transportation,2,4.73,1.17281,24.80314
2020-05,MI,Michigan,ALL,all sectors,4965351,12.43,856.278,6890.40831
2020-05,MI,Michigan,COM,commercial,545689,11.67,306.42543,2625.82502
2020-05,MI,Michigan,IND,industrial,5651,7.76,129.67127,1671.26129
2020-05,MI,Michigan,OTH,other,,,,
2020-05,MI,Michigan,RES,residential,4414009,16.2,420.14958,2593.0443
2020-05,MI,Michigan,TRA,transportation,2,11.42,.03172,.2777
2020-05,MN,Minnesota,ALL,all sectors,2771285,10.67,480.16757,4499.16446
2020-05,MN,Minnesota,COM,commercial,303223,10.53,163.15173,1549.87459
2020-05,MN,Minnesota,IND,industrial,9216,7.66,105.42056,1376.3469
2020-05,MN,Minnesota,OTH,other,,,,
2020-05,MN,Minnesota,RES,residential,2458845,13.45,211.49641,1572.02169
2020-05,MN,Minnesota,TRA,transportation,1,10.73,.09887,.92128
2020-05,MS,Mississippi,ALL,all sectors,1549449,9.21,308.16188,3345.22422
2020-05,MS,Mississippi,COM,commercial,236386,10.7,99.754,932.03125
2020-05,MS,Mississippi,IND,industrial,10677,5.49,65.86441,1200.06277
2020-05,MS,Mississippi,OTH,other,,,,
2020-05,MS,Mississippi,RES,residential,1302386,11.75,142.54347,1213.13021
2020-05,MS,Mississippi,TRA,transportation,0,0,0,0
2020-06,AR,Arkansas,OTH,other,,,,
2020-06,AR,Arkansas,RES,residential,1414248,10.67,158.9729,1490.14594
2020-06,AR,Arkansas,TRA,transportation,2,10.71,.0013,.01209
2020-06,CA,California,ALL,all sectors,15809401,18.64,3999.90923,21459.87126
2020-06,CA,California,COM,commercial,1753579,18.99,1721.48221,9063.84952
2020-06,CA,California,IND,industrial,151862,16.01,690.68128,4314.97378
2020-06,CA,California,OTH,other,,,,
2020-06,CA,California,RES,residential,13903947,19.71,1582.68288,8031.15053
2020-06,CA,California,TRA,transportation,13,10.15,5.06286,49.89744
2020-06,CO,Colorado,ALL,all sectors,2798496,10.96,521.5848,4760.2355
2020-06,CO,Colorado,COM,commercial,384855,11.34,181.90176,1603.45388
2020-06,CO,Colorado,IND,industrial,15306,7.76,99.4709,1281.1021
2020-06,CO,Colorado,OTH,other,,,,
2020-06,CO,Colorado,RES,residential,2398334,12.82,239.4955,1868.00017
2020-06,CO,Colorado,TRA,transportation,1,9.33,.71665,7.67935
2020-06,CT,Connecticut,ALL,all sectors,1681898,18.58,451.4002,2428.9294
2020-06,CT,Connecticut,COM,commercial,155311,16.13,160.38689,994.37763
2020-06,CT,Connecticut,IND,industrial,4152,12.61,32.05591,254.23721
2020-06,CT,Connecticut,OTH,other,,,,
2020-06,CT,Connecticut,RES,residential,1522432,22.02,258.09547,1172.11992
2020-06,CT,Connecticut,TRA,transportation,3,10.52,.86193,8.19463
2010-05,CT,Connecticut,ALL,all sectors,1615022,17.6,374.90421,2130.52141
2010-05,CT,Connecticut,COM,commercial,158378,16.61,166.62753,1003.14515
2010-05,CT,Connecticut,IND,industrial,5029,14.35,41.59323,289.87078
2010-05,CT,Connecticut,OTH,other,,,,
2010-05,CT,Connecticut,RES,residential,1451613,20.04,165.046,823.43144
2010-05,CT,Connecticut,TRA,transportation,2,11.63,1.63745,14.07404
2010-05,DE,Delaware,ALL,all sectors,446572,12.04,95.32751,791.98735
2010-05,DE,Delaware,COM,commercial,49936,11.42,36.47894,319.50735
2010-05,DE,Delaware,IND,industrial,1239,9.44,19.12646,202.65829
2010-05,DE,Delaware,OTH,other,,,,
2010-05,DE,Delaware,RES,residential,395397,14.72,39.72211,269.82171
2010-05,DE,Delaware,TRA,transportation,0,0,0,0
2010-05,DC,District of Columbia,ALL,all sectors,253762,13.05,127.4323,976.42052
2010-05,DC,District of Columbia,COM,commercial,26441,13.09,104.01906,794.39361
2010-05,DC,District of Columbia,IND,industrial,1,8.3,1.72228,20.74903
2010-05,DC,District of Columbia,OTH,other,,,,
2010-05,DC,District of Columbia,RES,residential,227319,14,18.89446,135.00468
2010-05,DC,District of Columbia,TRA,transportation,1,10.64,2.7965,26.2732
2010-05,FL,Florida,ALL,all sectors,9639848,10.63,1907.17129,17944.26941
2010-05,FL,Florida,COM,commercial,1123405,9.94,750.76365,7550.90377
2010-05,FL,Florida,IND,industrial,17763,8.74,135.08032,1546.09835
2010-05,FL,Florida,OTH,other,,,,
2010-05,FL,Florida,RES,residential,8498655,11.55,1020.71027,8840.45525
2010-05,FL,Florida,TRA,transportation,25,9.06,.61705,6.81204
2010-05,GA,Georgia,ALL,all sectors,4593268,8.61,918.96482,10672.31987
2010-05,GA,Georgia,COM,commercial,543082,8.92,355.42041,3984.64345
2010-05,GA,Georgia,IND,industrial,15483,5.88,162.04148,2756.15501
2010-05,GA,Georgia,OTH,other,,,,
2010-05,GA,Georgia,RES,residential,4034702,10.22,400.51405,3918.57917
2010-05,GA,Georgia,TRA,transportation,1,7.64,.98888,12.94225
2010-05,HI,Hawaii,ALL,all sectors,474396,25.25,214.37224,849.00618
2010-05,HI,Hawaii,COM,commercial,60345,26.11,74.39663,284.91179
2010-05,HI,Hawaii,IND,industrial,682,22.13,70.08631,316.67637
2010-05,HI,Hawaii,OTH,other,,,,
2010-05,HI,Hawaii,RES,residential,413369,28.25,69.88929,247.41802
2010-05,HI,Hawaii,TRA,transportation,0,0,0,0
2010-05,ID,Idaho,ALL,all sectors,790393,6.53,114.05276,1746.50985
2010-05,ID,Idaho,COM,commercial,100936,6.85,30.59473,446.57849
2010-05,ID,Idaho,IND,industrial,25744,5.19,38.18594,735.20294
2010-05,ID,Idaho,OTH,other,,,,
2010-05,ID,Idaho,RES,residential,663713,8.02,45.27208,564.72841
2010-05,ID,Idaho,TRA,transportation,0,0,0,0
2010-05,IL,Illinois,ALL,all sectors,5651676,9.03,981.12402,10869.94091
2010-05,IL,Illinois,COM,commercial,577648,8.77,351.14802,4001.82012
2010-05,IL,Illinois,IND,industrial,5963,6.77,250.80747,3704.6768
2010-05,IL,Illinois,OTH,other,,,,
2010-05,IL,Illinois,RES,residential,5068061,12.05,376.45405,3123.27691
2010-05,IL,Illinois,TRA,transportation,4,6.76,2.71448,40.16708
2010-05,IN,Indiana,ALL,all sectors,3096144,7.57,624.36078,8252.63016
2010-05,IN,Indiana,COM,commercial,341308,8.33,165.55844,1986.33816
2010-05,IN,Indiana,IND,industrial,18776,5.74,232.73089,4056.3238
2010-05,IN,Indiana,OTH,other,,,,
2010-05,IN,Indiana,RES,residential,2736059,10.23,225.94938,2208.76026
2010-05,IN,Indiana,TRA,transportation,1,10.11,.12207,1.20794
2010-05,IA,Iowa,ALL,all sectors,1550127,7.55,267.25358,3539.80977
2010-05,IA,Iowa,COM,commercial,217567,7.93,75.1596,947.866
2010-06,AR,Arkansas,COM,commercial,179556,7.78,87.39077,1123.13362
2010-06,AR,Arkansas,IND,industrial,35739,6.01,88.55547,1473.05793
2010-06,AR,Arkansas,OTH,other,,,,
2010-06,AR,Arkansas,RES,residential,1326600,9.46,156.78215,1656.81192
2010-06,AR,Arkansas,TRA,transportation,2,12.21,.00403,.03297
2010-06,CA,California,ALL,all sectors,14741602,13.91,3066.29562,22036.60059
2010-06,CA,California,COM,commercial,1791500,14.68,1560.68484,10628.79579
2010-06,CA,California,IND,industrial,75618,10.44,459.80382,4405.36311
2010-06,CA,California,OTH,other,,,,
2010-06,CA,California,RES,residential,12874470,15,1040.18961,6934.20802
2010-06,CA,California,TRA,transportation,14,8.23,5.61735,68.23368
2010-06,CO,Colorado,ALL,all sectors,2495052,9.86,447.83941,4539.74714
2010-06,CO,Colorado,COM,commercial,350065,10.19,171.70801,1685.02
2010-06,CO,Colorado,IND,industrial,15178,7.08,93.18493,1316.00394
2010-06,CO,Colorado,OTH,other,,,,
2010-06,CO,Colorado,RES,residential,2129808,11.89,182.55048,1535.1022
2010-06,CO,Colorado,TRA,transportation,1,10.94,.396,3.621
2010-06,CT,Connecticut,ALL,all sectors,1602576,17.39,448.15019,2577.60034
2010-06,CT,Connecticut,COM,commercial,149457,16.45,195.36053,1187.59087
2010-06,CT,Connecticut,IND,industrial,4779,14.78,49.46427,334.62249
2010-06,CT,Connecticut,OTH,other,,,,
2010-06,CT,Connecticut,RES,residential,1448338,19.4,201.56656,1039.24925
2010-06,CT,Connecticut,TRA,transportation,2,10.9,1.75884,16.13773
2010-06,DE,Delaware,ALL,all sectors,447221,12.32,115.2886,935.9728
2010-06,DE,Delaware,COM,commercial,49880,11.7,43.07877,368.34213
2010-06,DE,Delaware,IND,industrial,1246,9.87,20.96105,212.45857
2010-06,DE,Delaware,OTH,other,,,,
2010-06,DE,Delaware,RES,residential,396095,14.43,51.24878,355.17211
2010-06,DE,Delaware,TRA,transportation,0,0,0,0
2010-06,DC,District of Columbia,ALL,all sectors,253016,13.55,158.84528,1172.02206
2010-06,DC,District of Columbia,COM,commercial,26466,13.52,123.71342,915.37182
2015-06,WV,West Virginia,RES,residential,859876,10.47,90.29431,862.29759
2015-06,WV,West Virginia,TRA,transportation,0,0,0,0
2015-06,WI,Wisconsin,ALL,all sectors,2997275,11.21,629.23349,5612.848
2015-06,WI,Wisconsin,COM,commercial,346523,11.45,231.71706,2023.23576
2015-06,WI,Wisconsin,IND,industrial,5596,8.06,162.72515,2018.35765
2015-06,WI,Wisconsin,OTH,other,,,,
2015-06,WI,Wisconsin,RES,residential,2645155,14.94,234.78929,1571.23959
2015-06,WI,Wisconsin,TRA,transportation,1,13.33,.002,.015
2015-06,WY,Wyoming,ALL,all sectors,336268,8,110.11136,1375.88211
2015-06,WY,Wyoming,COM,commercial,57556,9.33,31.5037,337.65242
2015-06,WY,Wyoming,IND,industrial,10595,6.7,56.50474,843.63836
2015-06,WY,Wyoming,OTH,other,,,,
2015-06,WY,Wyoming,RES,residential,268117,11.36,22.10292,194.59134
2015-06,WY,Wyoming,TRA,transportation,0,0,0,0
2015-06,NEW,New England,ALL,all sectors,7248459,16.16,1570.37365,9714.86285
2015-06,NEW,New England,COM,commercial,892874,14.98,675.59311,4511.43793
2015-06,NEW,New England,IND,industrial,26874,12.03,198.9381,1653.34009
2015-06,NEW,New England,OTH,other,,,,
2015-06,NEW,New England,RES,residential,6328704,19.73,691.82208,3506.13927
2015-06,NEW,New England,TRA,transportation,7,9.15,4.02036,43.94556
2015-06,MAT,Middle Atlantic,ALL,all sectors,18165691,13.35,4159.76234,31162.04997
2015-06,MAT,Middle Atlantic,COM,commercial,2261104,13.91,1861.16518,13380.25619
2015-06,MAT,Middle Atlantic,IND,industrial,43520,7.2,476.49763,6617.45341
2015-06,MAT,Middle Atlantic,OTH,other,,,,
2015-06,MAT,Middle Atlantic,RES,residential,15861048,16.44,1784.39188,10852.29355
2015-06,ENC,East North Central,RES,residential,19787025,13.23,1945.90322,14713.85592
2015-06,ENC,East North Central,TRA,transportation,8,7.08,3.14444,44.40553
2015-06,WNC,West North Central,ALL,all sectors,10833899,10.21,2540.71624,24886.92355
2015-06,WNC,West North Central,COM,commercial,1408809,10.2,890.67658,8730.96507
2016-02,MI,Michigan,IND,industrial,6122,6.56,160.50558,2447.43065
2016-02,MI,Michigan,OTH,other,,,,
2016-02,MI,Michigan,RES,residential,4301813,14.78,397.75324,2691.55169
2016-02,MI,Michigan,TRA,transportation,1,11.21,.04769,.4255
2016-02,MN,Minnesota,ALL,all sectors,2665563,9.7,528.57394,5451.36526
2016-02,MN,Minnesota,OTH,other,,,,
2016-02,MN,Minnesota,RES,residential,2367539,12.05,230.22328,1911.0174
2016-02,MN,Minnesota,TRA,transportation,1,9.97,.22124,2.21921
2016-02,MS,Mississippi,ALL,all sectors,1516289,8.56,333.62214,3896.4624
2016-02,MS,Mississippi,COM,commercial,231775,9.79,103.78259,1059.84455
2016-02,MS,Mississippi,IND,industrial,11117,5.46,69.41462,1270.9163
2016-02,MS,Mississippi,OTH,other,,,,
2016-02,MS,Mississippi,RES,residential,1273397,10.25,160.42493,1565.70155
2016-02,MS,Mississippi,TRA,transportation,0,0,0,0
2016-02,MO,Missouri,ALL,all sectors,3134454,8.51,559.00555,6568.86696
2016-02,MO,Missouri,COM,commercial,375979,8.27,196.29062,2373.60034
2016-02,MO,Missouri,IND,industrial,10238,6.29,71.07333,1129.681
2016-02,MO,Missouri,OTH,other,,,,
2016-02,MO,Missouri,RES,residential,2748236,9.52,291.50901,3063.48671
2016-02,MO,Missouri,TRA,transportation,1,6.32,.13258,2.09891
2016-02,MT,Montana,ALL,all sectors,608413,8.57,105.68462,1233.49979
2016-02,MT,Montana,COM,commercial,105269,9.88,40.2183,407.07083
2016-02,MT,Montana,IND,industrial,8293,4.73,17.04929,360.60502
2016-02,MT,Montana,OTH,other,,,,
2016-03,NJ,New Jersey,TRA,transportation,7,8.72,2.15858,24.75074
2016-03,NM,New Mexico,ALL,all sectors,1026906,8.61,148.96588,1730.86882
2016-03,NM,New Mexico,COM,commercial,141658,9.26,61.72406,666.3287
2016-03,NM,New Mexico,IND,industrial,9288,5.86,36.15402,616.5425
2016-03,NM,New Mexico,OTH,other,,,,
2016-03,NM,New Mexico,RES,residential,875960,11.4,51.0878,447.99763
2016-03,NM,New Mexico,TRA,transportation,0,0,0,0
2016-03,NY,New York,ALL,all sectors,8175727,13.67,1589.62106,11628.6731
2016-03,NY,New York,COM,commercial,1064371,13.54,828.92463,6120.76333
2016-03,NY,New York,IND,industrial,7613,5.97,84.01004,1407.4461
2016-03,NY,New York,OTH,other,,,,
2016-03,NY,New York,RES,residential,7103734,16.79,650.16045,3871.53938
2016-03,NY,New York,TRA,transportation,9,11.59,26.52594,228.9243
2016-03,NC,North Carolina,ALL,all sectors,5085994,9.11,914.20854,10035.33644
2016-03,NC,North Carolina,COM,commercial,669690,8.5,310.99773,3659.67915
2016-03,NC,North Carolina,IND,industrial,10049,5.46,119.0596,2181.41758
2016-03,NC,North Carolina,OTH,other,,,,
2016-03,NC,North Carolina,RES,residential,4406254,11.54,484.10918,4193.69685
2016-03,NC,North Carolina,TRA,transportation,1,7.74,.04204,.54286
2016-03,ND,North Dakota,ALL,all sectors,457880,8.68,135.9584,1566.99182
2016-03,ND,North Dakota,COM,commercial,72839,8.94,48.09553,538.1679
2016-03,ND,North Dakota,IND,industrial,8481,7.74,47.8089,617.66633
2016-03,ND,North Dakota,OTH,other,,,,
2015-06,MAT,Middle Atlantic,TRA,transportation,19,12.08,37.70765,312.04682
2015-06,ENC,East North Central,ALL,all sectors,22298255,9.98,4739.94605,47475.87185
2015-06,ENC,East North Central,COM,commercial,2456059,10.1,1595.82902,15795.48632
2015-06,ENC,East North Central,IND,industrial,55163,7.06,1195.06937,16922.12409
2015-06,ENC,East North Central,OTH,other,,,,
2015-07,FL,Florida,RES,residential,8954976,11.65,1506.51928,12934.77235
2015-07,FL,Florida,TRA,transportation,2,8.65,.73998,8.55155
2015-07,GA,Georgia,ALL,all sectors,4777320,11.63,1628.38978,13997.76453
2015-07,GA,Georgia,COM,commercial,562576,11.47,536.21917,4674.22393
2015-07,GA,Georgia,IND,industrial,21195,8.07,232.48977,2879.63653
2015-07,GA,Georgia,OTH,other,,,,
2015-07,GA,Georgia,RES,residential,4193548,13.35,858.21679,6429.16852
2015-07,GA,Georgia,TRA,transportation,1,9.94,1.46404,14.73556
2015-07,HI,Hawaii,ALL,all sectors,489897,26.6,228.44861,858.67641
2015-07,HI,Hawaii,COM,commercial,60601,27.3,78.71808,288.33883
2015-07,HI,Hawaii,IND,industrial,728,23.46,76.94295,327.99789
2015-07,HI,Hawaii,OTH,other,,,,
2015-07,HI,Hawaii,RES,residential,428568,30.04,72.78759,242.33969
2015-07,HI,Hawaii,TRA,transportation,0,0,0,0
2016-03,ND,North Dakota,RES,residential,376560,9.74,40.05396,411.15759
2016-03,ND,North Dakota,TRA,transportation,0,0,0,0
2016-11,DC,District of Columbia,ALL,all sectors,287658,11.88,96.88097,815.75962
2016-11,DC,District of Columbia,COM,commercial,25973,11.77,75.03969,637.41426
2016-11,DC,District of Columbia,IND,industrial,1,8.55,1.08842,12.73328
2016-11,DC,District of Columbia,OTH,other,,,,
2016-02,MN,Minnesota,COM,commercial,289035,9.5,178.48565,1879.59358
2016-02,MN,Minnesota,IND,industrial,8988,7.21,119.64378,1658.53507
2016-11,DC,District of Columbia,RES,residential,261681,13.08,18.39105,140.55863
2016-11,DC,District of Columbia,TRA,transportation,3,9.43,2.36182,25.05345
2016-11,FL,Florida,ALL,all sectors,10596061,9.92,1688.15444,17010.14475
2016-11,FL,Florida,COM,commercial,1218559,9.03,664.48824,7359.19115
2016-11,FL,Florida,IND,industrial,21264,7.75,104.82047,1352.79541
2016-11,FL,Florida,OTH,other,,,,
2016-11,FL,Florida,RES,residential,9356236,11.08,918.22703,8290.87604
2016-11,FL,Florida,TRA,transportation,2,8.5,.61869,7.28214
2016-11,GA,Georgia,ALL,all sectors,4849418,9.19,889.06039,9679.36552
2018-08,RI,Rhode Island,OTH,other,,,,
2018-08,RI,Rhode Island,RES,residential,444229,18.7,70.76507,378.36483
2018-08,RI,Rhode Island,TRA,transportation,1,16.93,.38529,2.27541
2018-08,SC,South Carolina,ALL,all sectors,2681667,8.1,653.86374,8074.04638
2020-08,NJ,New Jersey,OTH,other,,,,
2020-09,DE,Delaware,COM,commercial,57067,8.47,29.03678,342.82785
2020-09,DE,Delaware,IND,industrial,871,8.84,8.1607,92.32702
2020-09,DE,Delaware,OTH,other,,,,
2020-09,DE,Delaware,RES,residential,448088,11.96,57.6637,482.08999
2020-09,DE,Delaware,TRA,transportation,0,0,0,0
2020-09,DC,District of Columbia,ALL,all sectors,319441,11.91,98.19551,824.76747
2020-09,DC,District of Columbia,COM,commercial,26704,11.79,67.68751,574.344
2020-09,DC,District of Columbia,IND,industrial,1,7.91,.58148,7.34858
2020-09,DC,District of Columbia,OTH,other,,,,
2020-09,DC,District of Columbia,RES,residential,292733,12.55,27.67974,220.6278
2019-05,US,U.S. Total,IND,industrial,954838,6.69,5667.05147,84661.29301
2019-05,US,U.S. Total,OTH,other,,,,
2020-09,DC,District of Columbia,TRA,transportation,3,10.01,2.24678,22.44709
2020-09,FL,Florida,ALL,all sectors,11055363,10.43,2394.52213,22955.28069
2020-09,FL,Florida,COM,commercial,1258733,9.03,763.54979,8459.45826
2020-09,FL,Florida,IND,industrial,22837,7.53,104.50875,1388.3814
2020-09,FL,Florida,OTH,other,,,,
2020-09,FL,Florida,RES,residential,9773791,11.65,1525.98083,13101.14102
2020-09,FL,Florida,TRA,transportation,2,7.66,.48275,6.3
2020-09,GA,Georgia,ALL,all sectors,5125671,10.15,1199.49179,11816.43119
2015-05,MI,Michigan,COM,commercial,532283,10.85,346.57021,3193.83713
2015-05,MI,Michigan,IND,industrial,5992,7.22,197.11392,2730.03408
2015-05,MI,Michigan,OTH,other,,,,
2015-05,MI,Michigan,RES,residential,4274013,14.18,337.46284,2379.91206
2015-05,MI,Michigan,TRA,transportation,1,11.35,.03551,.31274
2015-05,MN,Minnesota,ALL,all sectors,2685377,9.54,482.85881,5062.56775
2015-05,MN,Minnesota,COM,commercial,291895,9.56,177.55461,1857.79109
2015-05,MN,Minnesota,IND,industrial,9896,7.03,121.77674,1732.32761
2009-08,DC,District of Columbia,TRA,transportation,1,12.99,3.84784,29.62248
2015-05,MN,Minnesota,OTH,other,,,,
2015-05,MN,Minnesota,RES,residential,2383585,12.47,183.36169,1470.61687
2015-05,MN,Minnesota,TRA,transportation,1,9.05,.16576,1.83219
2015-05,MS,Mississippi,ALL,all sectors,1510611,9.65,343.79616,3562.95273
2015-05,MS,Mississippi,COM,commercial,230377,10.54,122.06542,1157.9542
2015-05,MS,Mississippi,IND,industrial,10936,6.71,81.5417,1215.28538
2015-05,MS,Mississippi,OTH,other,,,,
2015-05,MS,Mississippi,RES,residential,1269298,11.78,140.18904,1189.71316
2015-05,NE,Nebraska,ALL,all sectors,1033718,8.7,187.78933,2159.20882
2015-06,ME,Maine,COM,commercial,98077,11.74,39.10968,333.12613
2015-06,ME,Maine,IND,industrial,3032,8.37,23.58825,281.79053
2016-01,ID,Idaho,ALL,all sectors,842972,7.95,158.33217,1991.02452
2016-01,ID,Idaho,COM,commercial,106753,7.41,40.59378,547.86531
2016-01,ID,Idaho,IND,industrial,27495,5.67,28.78736,507.90194
2016-01,ID,Idaho,OTH,other,,,,
2016-01,ID,Idaho,RES,residential,708724,9.51,88.95103,935.25727
2016-01,ID,Idaho,TRA,transportation,0,0,0,0
2016-01,IL,Illinois,ALL,all sectors,5835202,9.12,1103.06076,12101.1994
2016-01,IL,Illinois,COM,commercial,606658,8.69,382.16868,4399.52341
2016-01,IL,Illinois,IND,industrial,6059,6.46,222.82282,3449.63267
2016-01,IL,Illinois,OTH,other,,,,
2016-01,IL,Illinois,RES,residential,5222482,11.77,495.16816,4208.79148
2016-01,IL,Illinois,TRA,transportation,3,6.71,2.9011,43.25185
2016-01,IN,Indiana,ALL,all sectors,3181752,8.77,807.94964,9208.19359
2016-01,IN,Indiana,COM,commercial,348971,9.53,189.04208,1983.03422
2016-01,IN,Indiana,IND,industrial,18007,6.63,257.03341,3875.28921
2016-01,IN,Indiana,OTH,other,,,,
2016-01,IN,Indiana,RES,residential,2814773,10.8,361.67526,3347.78064
2016-01,IN,Indiana,TRA,transportation,1,9.52,.19889,2.08952
2016-01,IA,Iowa,ALL,all sectors,1595161,7.76,331.63244,4275.22299
2016-01,IA,Iowa,COM,commercial,232199,8.05,86.58541,1076.24088
2016-01,IA,Iowa,IND,industrial,7746,5.32,88.16124,1657.51796
2016-01,IA,Iowa,OTH,other,,,,
2016-01,IA,Iowa,RES,residential,1355216,10.18,156.8858,1541.46414
2016-01,IA,Iowa,TRA,transportation,0,0,0,0
2016-01,KS,Kansas,ALL,all sectors,1501075,10.08,347.78004,3449.51835
2016-02,CO,Colorado,COM,commercial,362505,8.87,140.47948,1584.34148
2016-02,CO,Colorado,IND,industrial,15649,6.94,80.78172,1164.46926
2016-02,CO,Colorado,OTH,other,,,,
2016-02,CO,Colorado,RES,residential,2250972,11.44,164.92199,1441.84287
2016-02,CO,Colorado,TRA,transportation,1,9.49,.51174,5.39
2009-08,FL,Florida,ALL,all sectors,9557095,11.37,2490.25542,21903.7309
2016-02,CT,Connecticut,ALL,all sectors,1641768,17.92,425.43908,2374.06217
2016-02,CT,Connecticut,COM,commercial,152197,16.15,160.7796,995.25075
2016-03,AK,Alaska,RES,residential,281745,19.73,33.60517,170.31861
2016-03,AK,Alaska,TRA,transportation,0,0,0,0
2016-03,AZ,Arizona,ALL,all sectors,3050543,9.38,499.40233,5326.92745
2016-03,AZ,Arizona,COM,commercial,317016,9.68,215.58381,2226.69644
2016-03,AZ,Arizona,IND,industrial,8001,5.39,67.10812,1245.28949
2016-03,AZ,Arizona,OTH,other,,,,
2016-03,AZ,Arizona,RES,residential,2725524,11.68,216.65945,1854.36995
2016-03,AZ,Arizona,TRA,transportation,2,8.91,.05096,.57157
2016-03,AR,Arkansas,ALL,all sectors,1586199,7.76,265.53086,3423.37146
2016-03,AR,Arkansas,COM,commercial,189478,8.06,71.02501,881.50209
2016-03,AR,Arkansas,IND,industrial,30380,5.68,72.4849,1276.23586
2016-03,AR,Arkansas,OTH,other,,,,
2016-03,AR,Arkansas,RES,residential,1366339,9.64,122.01805,1265.60184
2016-03,AR,Arkansas,TRA,transportation,2,9.18,.00291,.03168
2016-03,CA,California,ALL,all sectors,15775802,14.26,2883.96006,20224.89424
2016-03,CA,California,COM,commercial,1745352,13.78,1305.59261,9474.35786
2016-03,CA,California,IND,industrial,156114,10.24,434.07966,4237.69272
2016-03,CA,California,OTH,other,,,,
2016-03,CA,California,RES,residential,13874320,17.65,1137.99662,6446.87739
2016-03,CA,California,TRA,transportation,16,9.54,6.29116,65.96627
2016-03,CO,Colorado,ALL,all sectors,2632357,9.19,394.24558,4287.64657
2016-03,CO,Colorado,COM,commercial,365065,8.94,149.21912,1669.38569
2016-03,CO,Colorado,IND,industrial,15839,6.91,82.03093,1187.32016
2016-03,CO,Colorado,OTH,other,,,,
2016-03,CO,Colorado,RES,residential,2251452,11.4,162.49434,1425.39872
2016-03,CO,Colorado,TRA,transportation,1,9.04,.50119,5.542
2016-11,KY,Kentucky,RES,residential,1960016,11.23,184.00972,1638.7386
2016-11,KY,Kentucky,TRA,transportation,0,0,0,0
2015-05,MS,Mississippi,TRA,transportation,0,0,0,0
2015-05,MO,Missouri,ALL,all sectors,3115121,9.6,576.94886,6009.36941
2015-05,MO,Missouri,COM,commercial,373501,9.49,231.86912,2443.25287
2015-05,MO,Missouri,IND,industrial,10229,6.26,91.49745,1461.42731
2015-05,MO,Missouri,OTH,other,,,,
2015-05,MO,Missouri,RES,residential,2731390,12.05,253.47233,2103.23061
2015-05,MO,Missouri,TRA,transportation,1,7.54,.10996,1.45862
2015-05,MT,Montana,ALL,all sectors,604380,8.96,95.03467,1060.67207
2015-05,MT,Montana,COM,commercial,104053,10.3,39.32259,381.92572
2015-05,MT,Montana,IND,industrial,9922,5.46,19.24125,352.54203
2015-05,MT,Montana,OTH,other,,,,
2015-05,MT,Montana,RES,residential,490405,11.18,36.47082,326.20431
2015-05,MT,Montana,TRA,transportation,0,0,0,0
2015-06,ME,Maine,OTH,other,,,,
2015-06,ME,Maine,RES,residential,707165,15.48,51.43765,332.27553
2015-06,ME,Maine,TRA,transportation,0,0,0,0
2015-06,MD,Maryland,ALL,all sectors,2513253,12.28,632.85081,5155.15965
2015-06,MD,Maryland,COM,commercial,249760,10.95,291.96095,2665.8589
2015-06,MD,Maryland,IND,industrial,8823,8.5,27.54902,324.08982
2015-06,MD,Maryland,OTH,other,,,,
2015-06,MD,Maryland,RES,residential,2254665,14.58,309.79868,2124.68506
2015-06,MD,Maryland,TRA,transportation,5,8.74,3.54216,40.52588
2015-06,MA,Massachusetts,ALL,all sectors,3230443,16.36,721.71027,4410.7816
2015-06,MA,Massachusetts,COM,commercial,425603,15.2,331.72368,2183.06606
2015-06,MA,Massachusetts,IND,industrial,14060,13.42,92.24971,687.28709
2015-06,MA,Massachusetts,OTH,other,,,,
2015-06,MA,Massachusetts,RES,residential,2790777,19.54,295.76557,1513.6269
2015-06,MA,Massachusetts,TRA,transportation,3,7.36,1.97131,26.80155
2015-06,MI,Michigan,ALL,all sectors,4816821,10.85,929.31798,8562.49362
2015-06,MI,Michigan,COM,commercial,532655,10.84,357.50211,3296.52569
2015-06,MI,Michigan,IND,industrial,6065,7.31,198.73189,2719.51317
2015-06,MI,Michigan,OTH,other,,,,
2015-06,MI,Michigan,RES,residential,4278100,14.65,373.04634,2546.11507
2015-06,MI,Michigan,TRA,transportation,1,11.08,.03764,.33968
2015-06,MN,Minnesota,ALL,all sectors,2692601,10.27,550.66822,5361.47731
2016-11,LA,Louisiana,ALL,all sectors,2373519,7.41,519.06236,7007.14562
2016-11,LA,Louisiana,COM,commercial,290056,8.71,174.10275,1998.13242
2016-11,LA,Louisiana,IND,industrial,19175,5.18,153.89388,2970.99942
2016-11,LA,Louisiana,OTH,other,,,,
2016-11,LA,Louisiana,RES,residential,2064287,9.38,190.96236,2036.93713
2016-11,LA,Louisiana,TRA,transportation,1,9.6,.10337,1.07665
2016-11,ME,Maine,ALL,all sectors,782429,12.93,110.72737,856.26841
2016-11,ME,Maine,COM,commercial,96083,12.39,36.00966,290.64763
2015-05,US,U.S. Total,RES,residential,129550528,12.93,12300.26196,95160.53288
2015-05,US,U.S. Total,TRA,transportation,79,9.87,60.07481,608.77392
2015-06,VA,Virginia,RES,residential,3329373,11.82,473.37765,4004.77878
2015-06,VA,Virginia,TRA,transportation,1,8.21,1.33769,16.2959
2015-06,WA,Washington,ALL,all sectors,3332321,7.4,521.3878,7041.63183
2015-06,WA,Washington,COM,commercial,362496,8.13,203.19211,2498.45592
2015-06,WA,Washington,IND,industrial,29529,4.41,97.09004,2199.23548
2015-06,WA,Washington,OTH,other,,,,
2015-06,WA,Washington,RES,residential,2940289,9.43,221.07368,2343.52772
2015-06,WA,Washington,TRA,transportation,7,7.75,.03197,.41272
2015-06,WV,West Virginia,ALL,all sectors,1013807,8.25,219.47943,2659.44072
2015-06,WV,West Virginia,COM,commercial,141904,8.6,60.03487,697.94208
2015-06,WV,West Virginia,IND,industrial,12027,6.29,69.15025,1099.20105
2015-06,WV,West Virginia,OTH,other,,,,
2015-07,CT,Connecticut,ALL,all sectors,1621825,17.04,469.66976,2756.02111
2015-07,CT,Connecticut,COM,commercial,150952,15.01,183.29423,1221.22008
2015-07,CT,Connecticut,IND,industrial,4397,12.18,38.06783,312.50281
2015-07,CT,Connecticut,OTH,other,,,,
2015-07,CT,Connecticut,RES,residential,1466473,20.47,246.59452,1204.42849
2015-07,CT,Connecticut,TRA,transportation,3,9.59,1.71319,17.86973
2015-07,DE,Delaware,ALL,all sectors,468813,10.97,120.65151,1099.35961
2015-07,DE,Delaware,COM,commercial,52961,10.04,38.10992,379.56274
2015-07,DE,Delaware,IND,industrial,858,7.84,18.22972,232.42426
2015-07,DE,Delaware,OTH,other,,,,
2015-07,DE,Delaware,RES,residential,414994,13.2,64.31187,487.37261
2015-07,DE,Delaware,TRA,transportation,0,0,0,0
2015-07,DC,District of Columbia,ALL,all sectors,272864,12.15,136.60903,1124.11978
2015-07,DC,District of Columbia,COM,commercial,25763,11.85,94.68513,799.09221
2015-07,DC,District of Columbia,IND,industrial,1,8.82,1.69018,19.16456
2015-07,DC,District of Columbia,OTH,other,,,,
2015-07,DC,District of Columbia,RES,residential,247099,13.64,37.37494,273.93703
2015-07,DC,District of Columbia,TRA,transportation,1,8.95,2.85877,31.92598
2015-07,FL,Florida,ALL,all sectors,10154925,10.6,2463.63277,23252.29818
2015-07,FL,Florida,COM,commercial,1180334,9.41,831.27527,8832.3647
2015-07,FL,Florida,IND,industrial,19613,8.47,125.09824,1476.60958
2015-07,FL,Florida,OTH,other,,,,
2015-08,AL,Alabama,ALL,all sectors,2557085,9.82,859.08913,8749.29027
2015-08,AL,Alabama,COM,commercial,363435,10.94,252.5299,2307.87646
2015-08,AL,Alabama,IND,industrial,7319,6.53,197.90226,3028.74669
2015-08,AL,Alabama,OTH,other,,,,
2015-08,AL,Alabama,RES,residential,2186331,11.97,408.65697,3412.66712
2015-08,AL,Alabama,TRA,transportation,0,0,0,0
2015-08,AK,Alaska,ALL,all sectors,335469,17.99,88.26126,490.50291
2015-08,AK,Alaska,COM,commercial,50753,17.86,41.18308,230.57449
2015-08,AK,Alaska,IND,industrial,1320,14.94,17.34155,116.07827
2015-08,AK,Alaska,OTH,other,,,,
2015-08,AK,Alaska,RES,residential,283396,20.67,29.73663,143.85015
2015-08,AK,Alaska,TRA,transportation,0,0,0,0
2019-05,SC,South Carolina,RES,residential,2327382,12.57,312.1681,2483.04074
2019-05,SC,South Carolina,TRA,transportation,0,0,0,0
2019-05,SD,South Dakota,ALL,all sectors,481075,10.05,94.81572,943.62007
2019-05,SD,South Dakota,COM,commercial,73673,9.6,36.16873,376.71361
2020-08,NEW,New England,IND,industrial,22873,13.04,178.56422,1369.58069
2020-08,NEW,New England,OTH,other,,,,
2020-08,NEW,New England,RES,residential,6480770,21.02,1114.86956,5304.41568
2020-08,NEW,New England,TRA,transportation,6,7.62,2.87565,37.74965
2020-08,MAT,Middle Atlantic,ALL,all sectors,18729700,13.18,4675.93292,35483.35598
2020-08,MAT,Middle Atlantic,COM,commercial,2391184,13.19,1753.85864,13296.83677
2020-08,MAT,Middle Atlantic,IND,industrial,34507,6.42,416.94487,6496.13996
2020-08,MAT,Middle Atlantic,OTH,other,,,,
2020-08,MAT,Middle Atlantic,RES,residential,16303990,16.04,2472.39711,15416.47682
2020-08,MAT,Middle Atlantic,TRA,transportation,19,11.95,32.73229,273.90243
2020-08,ENC,East North Central,ALL,all sectors,23050901,10.36,5367.39779,51826.83204
2020-08,ENC,East North Central,COM,commercial,2536316,10.13,1633.34344,16117.09497
2020-08,ENC,East North Central,IND,industrial,56039,6.83,1091.5403,15992.2942
2020-08,ENC,East North Central,OTH,other,,,,
2020-08,ENC,East North Central,RES,residential,20458535,13.42,2639.94031,19676.96094
2020-08,ENC,East North Central,TRA,transportation,11,6.36,2.57375,40.48193
2020-08,WNC,West North Central,ALL,all sectors,11285265,10.62,2985.16777,28116.02421
2020-08,WNC,West North Central,COM,commercial,1480234,10.47,955.02657,9120.69658
2018-08,SC,South Carolina,COM,commercial,378033,8.08,180.22568,2231.89319
2018-08,SC,South Carolina,IND,industrial,4369,5.32,138.79922,2609.3463
2018-08,SC,South Carolina,OTH,other,,,,
2019-03,SAT,South Atlantic,RES,residential,28199166,11.85,3240.23829,27336.504
2019-03,SAT,South Atlantic,TRA,transportation,13,8.07,8.90786,110.41638
2019-03,ESC,East South Central,ALL,all sectors,9858215,9.23,2252.36302,24400.83961
2019-03,ESC,East South Central,COM,commercial,1408017,10.77,753.63445,6995.24658
2019-03,ESC,East South Central,IND,industrial,24748,5.67,469.16425,8267.5857
2019-03,ESC,East South Central,OTH,other,,,,
2019-03,ESC,East South Central,RES,residential,8425450,11.27,1029.56432,9138.00733
2019-03,ESC,East South Central,TRA,transportation,0,0,0,0
2019-03,WSC,West South Central,ALL,all sectors,19217797,8.16,3824.82624,46854.18579
2019-03,WSC,West South Central,COM,commercial,2315129,8.24,1192.71957,14472.43122
2019-03,WSC,West South Central,IND,industrial,288312,5.37,875.46477,16309.24925
2019-03,WSC,West South Central,OTH,other,,,,
2019-03,WSC,West South Central,RES,residential,16614350,10.93,1755.60291,16057.08387
2019-03,WSC,West South Central,TRA,transportation,6,6.74,1.03899,15.42146
2019-03,MTN,Mountain,ALL,all sectors,11475656,9.08,1946.73836,21451.54699
2019-03,MTN,Mountain,COM,commercial,1424985,9.22,703.84989,7633.1081
2019-03,MTN,Mountain,IND,industrial,92729,6.27,416.68129,6642.61207
2019-03,MTN,Mountain,OTH,other,,,,
2019-03,MTN,Mountain,RES,residential,9957937,11.52,824.85842,7161.34405
2019-03,MTN,Mountain,TRA,transportation,5,9.31,1.34875,14.48276
2019-03,PACC,Pacific Contiguous,ALL,all sectors,21310484,12.73,4133.3298,32465.92489
2019-03,PACC,Pacific Contiguous,COM,commercial,2341152,12.81,1689.94766,13196.36153
2020-08,NY,New York,ALL,all sectors,8382352,15.85,2244.7503,14164.86484
2020-08,NY,New York,COM,commercial,1145157,15.82,1037.87143,6559.11562
2020-08,NY,New York,IND,industrial,7527,5.68,81.07812,1427.9974
2020-08,NY,New York,OTH,other,,,,
2020-08,NY,New York,RES,residential,7229660,18.43,1098.11416,5958.49274
2020-08,NY,New York,TRA,transportation,8,12.63,27.68659,219.25908
2020-08,NC,North Carolina,ALL,all sectors,5437625,9.73,1247.96621,12827.88953
2020-08,NC,North Carolina,COM,commercial,711424,8.82,391.69281,4439.71621
2020-08,NC,North Carolina,IND,industrial,9880,6.76,147.40336,2180.43465
2020-08,NC,North Carolina,OTH,other,,,,
2020-08,NC,North Carolina,RES,residential,4716320,11.42,708.75231,6206.14839
2020-08,NC,North Carolina,TRA,transportation,1,7.4,.11773,1.59028
2020-08,ND,North Dakota,ALL,all sectors,472792,8.8,157.67418,1790.92962
2020-08,ND,North Dakota,COM,commercial,76827,9.49,51.63762,544.14948
2020-08,ND,North Dakota,IND,industrial,8980,7.09,62.03539,875.1742
2020-08,ND,North Dakota,OTH,other,,,,
2020-08,ND,North Dakota,RES,residential,386985,11.84,44.00117,371.60594
2020-08,ND,North Dakota,TRA,transportation,0,0,0,0
2020-08,OH,Ohio,ALL,all sectors,5681375,9.55,1291.0511,13512.24513
2020-08,OH,Ohio,COM,commercial,637634,9.48,381.30247,4023.04372
2020-08,OH,Ohio,IND,industrial,19743,6.2,259.5451,4187.30157
2020-08,OH,Ohio,OTH,other,,,,
2020-08,OH,Ohio,RES,residential,5023995,12.27,650.03892,5299.60404
2020-08,OH,Ohio,TRA,transportation,3,7.17,.16461,2.29579
2020-08,OK,Oklahoma,ALL,all sectors,2111211,8.22,524.5515,6383.3291
2020-08,OK,Oklahoma,COM,commercial,290671,8.24,158.32603,1921.75754
2020-08,OK,Oklahoma,IND,industrial,20464,4.88,87.17249,1786.25154
2020-08,OK,Oklahoma,OTH,other,,,,
2020-08,OK,Oklahoma,RES,residential,1800076,10.43,279.05298,2675.32003
2020-08,OK,Oklahoma,TRA,transportation,0,0,0,0
2020-08,OR,Oregon,ALL,all sectors,2055261,8.77,392.41696,4473.88441
2020-08,OR,Oregon,COM,commercial,239780,8.91,125.54337,1408.46912
2020-08,OR,Oregon,IND,industrial,26840,5.93,88.62342,1493.40652
2020-08,OR,Oregon,OTH,other,,,,
2020-08,OR,Oregon,RES,residential,1788639,11.34,178.05259,1569.92799
2020-08,OR,Oregon,TRA,transportation,2,9.5,.19758,2.08077
2020-08,PA,Pennsylvania,ALL,all sectors,6192583,9.66,1311.94692,13577.59328
2020-08,PA,Pennsylvania,COM,commercial,721507,8.26,278.00767,3365.00866
2020-08,PA,Pennsylvania,IND,industrial,15421,6.1,271.89742,4460.07067
2020-08,PA,Pennsylvania,OTH,other,,,,
2020-08,PA,Pennsylvania,RES,residential,5455650,13.27,759.25918,5720.60564
2020-08,PA,Pennsylvania,TRA,transportation,5,8.72,2.78265,31.90831
2020-08,RI,Rhode Island,ALL,all sectors,514557,19.29,146.94568,761.80393
2020-08,RI,Rhode Island,COM,commercial,61044,16.41,53.13432,323.79171
2020-08,RI,Rhode Island,IND,industrial,1715,16.22,8.69517,53.612
2020-08,RI,Rhode Island,OTH,other,,,,
2020-08,RI,Rhode Island,RES,residential,451797,22.13,84.84514,383.36951
2020-08,RI,Rhode Island,TRA,transportation,1,26.3,.27105,1.03071
2020-08,SC,South Carolina,ALL,all sectors,2788020,10.24,802.16287,7832.5835
2020-08,SC,South Carolina,COM,commercial,396073,10.46,219.28371,2095.87848
2020-08,SC,South Carolina,IND,industrial,3738,6.24,143.37949,2296.84142
2020-08,SC,South Carolina,OTH,other,,,,
2020-08,SC,South Carolina,RES,residential,2388209,12.78,439.49967,3439.8636
2020-08,SC,South Carolina,TRA,transportation,0,0,0,0
2020-08,SD,South Dakota,ALL,all sectors,487169,10.62,123.90786,1166.55339
2020-08,SD,South Dakota,COM,commercial,74513,10.23,45.02655,440.2521
2020-08,SD,South Dakota,IND,industrial,4203,7.99,22.23217,278.2118
2020-08,SD,South Dakota,OTH,other,,,,
2020-08,SD,South Dakota,RES,residential,408453,12.64,56.64914,448.0895
2020-08,SD,South Dakota,TRA,transportation,0,0,0,0
2020-08,TN,Tennessee,ALL,all sectors,3489723,9.51,935.88376,9838.06617
2020-08,TN,Tennessee,COM,commercial,507262,10.42,355.13414,3408.64817
2019-05,TN,Tennessee,TRA,transportation,0,0,0,0
2019-05,TX,Texas,ALL,all sectors,13096764,8.29,2795.07697,33697.79311
2019-05,TX,Texas,COM,commercial,1538270,7.85,909.41818,11582.9142
2019-05,TX,Texas,IND,industrial,228264,5.14,575.92271,11206.1964
2019-05,TX,Texas,OTH,other,,,,
2019-05,TX,Texas,RES,residential,11330227,12.01,1308.77974,10893.88181
2019-05,TX,Texas,TRA,transportation,3,6.46,.95634,14.8007
2019-05,UT,Utah,ALL,all sectors,1256249,8.18,192.89837,2356.84067
2019-05,UT,Utah,COM,commercial,132291,8.74,83.24533,952.05192
2019-05,UT,Utah,IND,industrial,9948,5.73,43.89776,766.69349
2019-05,UT,Utah,OTH,other,,,,
2019-05,UT,Utah,RES,residential,1114009,10.3,65.29056,633.7075
2020-02,ESC,East South Central,COM,commercial,1410487,10.72,739.29629,6895.34287
2020-02,ESC,East South Central,IND,industrial,24602,5.49,434.95942,7916.11099
2020-02,ESC,East South Central,OTH,other,,,,
2020-02,ESC,East South Central,RES,residential,8419391,11.09,1081.30368,9753.45413
2020-02,ESC,East South Central,TRA,transportation,0,0,0,0
2020-02,WSC,West South Central,ALL,all sectors,19286467,8,3803.76988,47572.51359
2020-02,WSC,West South Central,COM,commercial,2310849,7.88,1163.47049,14764.86552
2020-02,WSC,West South Central,IND,industrial,325607,5.08,822.89704,16203.11937
2020-02,WSC,West South Central,OTH,other,,,,
2020-02,WSC,West South Central,RES,residential,16650005,10.95,1816.36686,16589.20452
2020-02,WSC,West South Central,TRA,transportation,6,6.76,1.0355,15.32419
2020-02,MTN,Mountain,ALL,all sectors,11637060,8.8,1862.58607,21160.37793
2020-02,MTN,Mountain,COM,commercial,1442521,8.92,653.42453,7322.29278
2020-02,MTN,Mountain,IND,industrial,95092,5.82,376.49145,6466.70222
2020-02,MTN,Mountain,OTH,other,,,,
2020-02,MTN,Mountain,RES,residential,10099442,11.3,831.28763,7356.30624
2020-02,MTN,Mountain,TRA,transportation,5,9.17,1.38246,15.07669
2020-02,PACC,Pacific Contiguous,ALL,all sectors,20691212,13.25,3874.43876,29245.78678
2020-02,PACC,Pacific Contiguous,COM,commercial,2291363,13.48,1554.41553,11530.04016
2020-02,PACC,Pacific Contiguous,IND,industrial,189073,8.58,577.2014,6724.65033
2020-02,PACC,Pacific Contiguous,OTH,other,,,,
2020-02,PACC,Pacific Contiguous,RES,residential,18210756,15.9,1736.46705,10920.71645
2020-02,PACC,Pacific Contiguous,TRA,transportation,20,9.03,6.35479,70.37984
2020-02,PACN,Pacific Noncontiguous,ALL,all sectors,877142,25.34,307.95441,1215.49544
2020-02,PACN,Pacific Noncontiguous,COM,commercial,121144,24.66,112.9315,457.93531
2020-02,PACN,Pacific Noncontiguous,IND,industrial,1921,23.83,88.0607,369.54055
2020-02,PACN,Pacific Noncontiguous,OTH,other,,,,
2020-02,PACN,Pacific Noncontiguous,RES,residential,754077,27.57,106.9622,388.01958
2020-02,PACN,Pacific Noncontiguous,TRA,transportation,0,0,0,0
2020-02,US,U.S. Total,ALL,all sectors,154862354,10.22,30122.65423,294659.40487
2020-02,US,U.S. Total,COM,commercial,18691075,10.3,10614.66602,103014.76876
2020-02,US,U.S. Total,IND,industrial,956000,6.44,5078.11621,78902.73171
2020-02,US,U.S. Total,OTH,other,,,,
2020-02,US,U.S. Total,RES,residential,135215196,12.82,14371.34984,112122.8819
2020-02,US,U.S. Total,TRA,transportation,83,9.45,58.52216,619.0225
2020-07,ENC,East North Central,IND,industrial,56156,6.99,1100.38125,15741.64132
2020-07,ENC,East North Central,OTH,other,,,,
2020-07,ENC,East North Central,RES,residential,20472935,13.27,3036.89456,22877.34576
2020-07,ENC,East North Central,TRA,transportation,11,6.59,2.60445,39.52317
2020-07,WNC,West North Central,ALL,all sectors,11282887,10.8,3148.48549,29152.27788
2020-07,WNC,West North Central,COM,commercial,1480860,10.46,971.51959,9288.2746
2020-07,WNC,West North Central,IND,industrial,132698,7.98,647.11196,8104.71797
2020-07,WNC,West North Central,OTH,other,,,,
2020-07,WNC,West North Central,RES,residential,9669326,13.01,1529.55124,11756.29396
2020-07,WNC,West North Central,TRA,transportation,3,10.12,.3027,2.99135
2020-07,SAT,South Atlantic,ALL,all sectors,32786558,10.08,8510.97421,84469.0036
2020-07,SAT,South Atlantic,COM,commercial,3880507,8.93,2684.60466,30076.86782
2020-07,SAT,South Atlantic,IND,industrial,86077,6.7,805.21058,12026.84235
2020-07,SAT,South Atlantic,OTH,other,,,,
2020-07,SAT,South Atlantic,RES,residential,28819961,11.86,5012.72286,42264.15944
2020-07,SAT,South Atlantic,TRA,transportation,13,8.34,8.43611,101.13399
2020-07,ESC,East South Central,ALL,all sectors,10059414,9.55,2829.06655,29624.28425
2020-07,ESC,East South Central,COM,commercial,1430702,10.59,919.93984,8686.40793
2020-07,ESC,East South Central,IND,industrial,24603,5.74,457.11895,7969.75286
2020-07,ESC,East South Central,OTH,other,,,,
2020-07,ESC,East South Central,RES,residential,8604109,11.2,1452.00776,12968.12347
2020-07,ESC,East South Central,TRA,transportation,0,0,0,0
2020-07,WSC,West South Central,ALL,all sectors,19612121,8.47,5399.35689,63733.72968
2020-07,WSC,West South Central,COM,commercial,2328968,7.63,1505.84143,19741.63336
2020-07,WSC,West South Central,IND,industrial,349524,5.18,869.94362,16804.421
2020-07,WSC,West South Central,OTH,other,,,,
2020-07,WSC,West South Central,RES,residential,16933623,11.12,3022.51109,27171.69404
2020-07,WSC,West South Central,TRA,transportation,6,6.64,1.06074,15.98128
2020-07,MTN,Mountain,ALL,all sectors,11701762,10.1,3042.93802,30121.95446
2020-07,MTN,Mountain,COM,commercial,1450579,10.04,938.80493,9349.19647
2020-07,MTN,Mountain,IND,industrial,100714,6.93,541.46137,7815.19362
2020-07,MTN,Mountain,OTH,other,,,,
2020-07,MTN,Mountain,RES,residential,10150464,12.06,1561.49642,12944.93695
2020-07,MTN,Mountain,TRA,transportation,5,9.31,1.17531,12.62742
2020-07,PACC,Pacific Contiguous,ALL,all sectors,21859256,15.93,5953.33431,37375.42517
2020-07,PACC,Pacific Contiguous,COM,commercial,2408174,16.82,2436.31302,14481.20897
2020-07,PACC,Pacific Contiguous,IND,industrial,211198,11.96,965.81402,8074.00876
2020-07,PACC,Pacific Contiguous,OTH,other,,,,
2020-07,PACC,Pacific Contiguous,RES,residential,19239865,17.24,2545.24516,14763.5626
2020-07,PACC,Pacific Contiguous,TRA,transportation,19,10.53,5.96211,56.64484
2020-07,PACN,Pacific Noncontiguous,ALL,all sectors,881486,23.9,288.75287,1208.26642
2020-08,NJ,New Jersey,RES,residential,3618680,16.46,615.02377,3737.37844
2020-08,NJ,New Jersey,TRA,transportation,6,9.95,2.26305,22.73504
2020-08,NM,New Mexico,ALL,all sectors,1060973,10.25,253.96538,2478.58234
2020-08,NM,New Mexico,COM,commercial,145213,11.26,92.6881,823.22756
2020-08,NM,New Mexico,IND,industrial,9382,5.74,47.62344,829.92491
2020-08,NM,New Mexico,OTH,other,,,,
2020-08,NM,New Mexico,RES,residential,906378,13.77,113.65385,825.42988
2020-08,NM,New Mexico,TRA,transportation,0,0,0,0
2019-05,SD,South Dakota,IND,industrial,4147,7.76,18.05227,232.56228
2019-05,SD,South Dakota,OTH,other,,,,
2019-05,SD,South Dakota,RES,residential,403255,12.14,40.59472,334.34419
2019-05,SD,South Dakota,TRA,transportation,0,0,0,0
2019-05,TN,Tennessee,ALL,all sectors,3410174,9.35,696.54079,7452.19801
2019-05,TN,Tennessee,COM,commercial,495401,10.32,299.91912,2905.4822
2019-05,TN,Tennessee,IND,industrial,1015,5.35,98.98199,1851.32097
2019-05,TN,Tennessee,OTH,other,,,,
2019-05,TN,Tennessee,RES,residential,2913758,11.04,297.63968,2695.39484
2019-06,NV,Nevada,RES,residential,1203721,11.77,159.2198,1352.54834
2019-06,NV,Nevada,TRA,transportation,1,8.79,.06295,.71594
2019-06,NH,New Hampshire,ALL,all sectors,739397,16.85,141.21643,838.32436
2019-06,NH,New Hampshire,COM,commercial,108432,15.64,55.01592,351.71864
2019-06,NH,New Hampshire,IND,industrial,3195,12.59,20.54937,163.17148
2019-06,NH,New Hampshire,OTH,other,,,,
2019-05,US,U.S. Total,RES,residential,135405612,13.31,13355.93792,100331.07128
2019-05,US,U.S. Total,TRA,transportation,81,9.46,57.55085,608.41917
2020-02,TX,Texas,ALL,all sectors,13168348,8.33,2652.49956,31833.68614
2020-02,TX,Texas,COM,commercial,1535826,7.73,832.88821,10779.72449
2020-02,TX,Texas,IND,industrial,251749,5.26,526.90529,10016.71135
2020-02,TX,Texas,OTH,other,,,,
2020-02,TX,Texas,RES,residential,11380770,11.72,1291.7541,11022.8364
2020-02,TX,Texas,TRA,transportation,3,6.6,.95195,14.4139
2020-02,UT,Utah,ALL,all sectors,1280588,7.86,187.80795,2388.66322
2020-02,UT,Utah,COM,commercial,134247,7.83,70.17112,896.20534
2020-02,UT,Utah,IND,industrial,10923,5.58,40.51354,725.56695
2020-02,UT,Utah,OTH,other,,,,
2020-02,UT,Utah,RES,residential,1135417,10.05,76.66742,762.58763
2020-02,UT,Utah,TRA,transportation,1,10.59,.45587,4.3033
2020-02,VT,Vermont,ALL,all sectors,373885,16.3,74.18618,455.17038
2020-02,VT,Vermont,COM,commercial,59267,16.06,24.91572,155.15135
2020-02,VT,Vermont,IND,industrial,252,11.38,12.86302,113.0433
2020-02,VT,Vermont,OTH,other,,,,
2020-02,VT,Vermont,RES,residential,314366,19.47,36.40744,186.97572
2020-02,VT,Vermont,TRA,transportation,0,0,0,0
2020-02,VA,Virginia,ALL,all sectors,3923987,9.3,883.81466,9507.37364
2020-02,VA,Virginia,COM,commercial,435799,7.92,339.04879,4281.88322
2020-02,VA,Virginia,IND,industrial,3699,6.37,95.14764,1493.88898
2020-02,VA,Virginia,OTH,other,,,,
2020-02,VA,Virginia,RES,residential,3484488,12.07,448.22025,3714.7129
2020-02,VA,Virginia,TRA,transportation,1,8.28,1.39798,16.88855
2020-08,UT,Utah,TRA,transportation,1,10.61,.42841,4.03833
2020-08,VT,Vermont,ALL,all sectors,378144,16.1,76.85278,477.34334
2020-08,VT,Vermont,COM,commercial,59726,15.92,26.43172,166.01875
2020-08,VT,Vermont,IND,industrial,252,11.3,13.47169,119.23769
2020-08,VT,Vermont,OTH,other,,,,
2020-08,VT,Vermont,RES,residential,318166,19.24,36.94937,192.0869
2020-08,VT,Vermont,TRA,transportation,0,0,0,0
2020-08,VA,Virginia,ALL,all sectors,3957144,9.37,1088.69854,11616.89904
2020-08,VA,Virginia,COM,commercial,437874,7.55,391.00708,5177.34001
2020-08,VA,Virginia,IND,industrial,3725,6.25,95.9401,1534.11293
2020-08,VA,Virginia,OTH,other,,,,
2020-05,ESC,East South Central,OTH,other,,,,
2020-05,ESC,East South Central,RES,residential,8464430,11.56,915.18277,7918.33102
2020-05,ESC,East South Central,TRA,transportation,0,0,0,0
2020-05,WSC,West South Central,ALL,all sectors,19414218,8.09,3775.12545,46660.55822
2020-05,WSC,West South Central,COM,commercial,2313918,7.76,1124.96071,14504.88779
2020-05,WSC,West South Central,IND,industrial,330761,4.96,764.88815,15434.22043
2020-05,WSC,West South Central,OTH,other,,,,
2020-05,WSC,West South Central,RES,residential,16769533,11.28,1884.33804,16707.74189
2020-05,WSC,West South Central,TRA,transportation,6,6.85,.93855,13.70812
2020-05,MTN,Mountain,ALL,all sectors,11664835,9.47,2181.52614,23039.5232
2020-05,MTN,Mountain,COM,commercial,1447213,9.64,726.32804,7531.0996
2020-05,MTN,Mountain,IND,industrial,98880,6.15,418.57438,6804.09945
2020-05,MTN,Mountain,OTH,other,,,,
2020-05,MTN,Mountain,RES,residential,10118737,11.91,1035.46417,8691.48246
2020-05,MTN,Mountain,TRA,transportation,5,9.03,1.15955,12.84169
2020-05,PACC,Pacific Contiguous,ALL,all sectors,21150592,13.84,4022.93578,29071.8526
2020-05,PACC,Pacific Contiguous,COM,commercial,2320430,14.42,1553.90252,10777.40049
2020-05,PACC,Pacific Contiguous,IND,industrial,198469,9.72,677.28675,6966.58532
2020-05,PACC,Pacific Contiguous,OTH,other,,,,
2020-05,PACC,Pacific Contiguous,RES,residential,18631673,15.85,1786.96421,11277.12738
2020-05,PACC,Pacific Contiguous,TRA,transportation,20,9.43,4.7823,50.73942
2020-05,PACN,Pacific Noncontiguous,ALL,all sectors,878813,24.88,277.77034,1116.3381
2020-05,PACN,Pacific Noncontiguous,COM,commercial,121328,24.84,95.56513,384.66419
2020-05,PACN,Pacific Noncontiguous,IND,industrial,1965,21.87,77.15575,352.79641
2020-05,PACN,Pacific Noncontiguous,OTH,other,,,,
2020-05,PACN,Pacific Noncontiguous,RES,residential,755520,27.73,105.04947,378.8775
2020-05,PACN,Pacific Noncontiguous,TRA,transportation,0,0,0,0
2020-05,US,U.S. Total,ALL,all sectors,155927477,10.39,28553.73842,274707.0812
2020-05,US,U.S. Total,COM,commercial,18763333,10.4,9811.52505,94299.1629
2020-05,US,U.S. Total,IND,industrial,985155,6.54,4858.96527,74273.01032
2020-05,US,U.S. Total,OTH,other,,,,
2020-05,US,U.S. Total,RES,residential,136178906,13.1,13841.02937,105680.94308
2020-05,US,U.S. Total,TRA,transportation,83,9.3,42.21874,453.96491
2020-06,ID,Idaho,ALL,all sectors,924901,8.34,184.68393,2215.27423
2020-06,ID,Idaho,COM,commercial,114627,8.46,42.07254,497.09305
2020-06,ID,Idaho,IND,industrial,28981,7.06,76.841,1088.81898
2020-06,ID,Idaho,OTH,other,,,,
2020-06,ID,Idaho,RES,residential,781293,10.45,65.77039,629.3622
2020-06,ID,Idaho,TRA,transportation,0,0,0,0
2020-06,IL,Illinois,ALL,all sectors,5971114,9.92,1166.83236,11759.53918
2007-07,AL,Alabama,ALL,all sectors,,7.8,688.45033,8825.46684
2007-07,AL,Alabama,COM,commercial,,8.62,189.18969,2193.63371
2007-07,AL,Alabama,IND,industrial,,5.42,171.90358,3171.36425
2007-07,AL,Alabama,OTH,other,,,,
2007-07,AL,Alabama,RES,residential,,9.46,327.35707,3460.46888
2007-07,AL,Alabama,TRA,transportation,,0,0,0
2007-07,AK,Alaska,ALL,all sectors,,13.46,66.2236,492.04738
2007-07,AK,Alaska,COM,commercial,,12.44,28.19879,226.68199
2007-07,AK,Alaska,IND,industrial,,12.52,15.23968,121.71737
2007-07,AK,Alaska,OTH,other,,,,
2007-07,AK,Alaska,RES,residential,,15.86,22.78513,143.64802
2007-07,AK,Alaska,TRA,transportation,,0,0,0
2007-07,AZ,Arizona,ALL,all sectors,,9.37,793.20331,8462.07733
2007-07,AZ,Arizona,COM,commercial,,8.95,266.806,2980.70415
2007-07,AZ,Arizona,IND,industrial,,6.47,69.95447,1081.87437
2007-07,AZ,Arizona,OTH,other,,,,
2007-07,AZ,Arizona,RES,residential,,10.37,456.44283,4399.49881
2007-07,AZ,Arizona,TRA,transportation,,0,0,0
2007-07,AR,Arkansas,ALL,all sectors,,7.41,329.82283,4450.81846
2007-07,AR,Arkansas,COM,commercial,,7.14,80.97238,1133.31969
2007-07,AR,Arkansas,IND,industrial,,5.64,89.07896,1579.80726
2007-07,AR,Arkansas,OTH,other,,,,
