period,stateid,stateDescription,sectorid,sectorName,customers,price,revenue,sales
2023-12,LA,Louisiana,IND,industrial,18191,5.84,185.3438,3175.74584
2023-12,ME,Maine,IND,industrial,2000,13.7,24.19577,176.63749
2023-12,MD,Maryland,IND,industrial,9256,10.17,28.94694,284.50093
2023-12,MA,Massachusetts,IND,industrial,10354,17.66,82.7302,468.39194
2023-12,MI,Michigan,IND,industrial,5673,8.29,186.42009,2248.3793
2022-06,US,U.S. Total,IND,industrial,1068161,8.85,7854.35491,88715.71321
2024-01,IA,Iowa,IND,industrial,8323,6.48,145.24635,2241.74689
2024-01,KS,Kansas,IND,industrial,23936,8.1,73.59173,908.15969
2024-01,KY,Kentucky,IND,industrial,5931,7.18,156.5293,2181.01329
2024-01,LA,Louisiana,IND,industrial,18148,5.75,191.47356,3331.1467
2024-07,MA,Massachusetts,IND,industrial,10121,18.33,91.19774,497.47938
2024-07,MI,Michigan,IND,industrial,5680,8.51,210.11482,2469.85023
2024-07,MN,Minnesota,IND,industrial,9541,9.77,172.7597,1768.84017
2024-07,MS,Mississippi,IND,industrial,11410,6.95,98.42802,1415.89598
2024-07,MO,Missouri,IND,industrial,9207,9.02,106.97755,1186.51238
2024-07,MT,Montana,IND,industrial,14125,8.12,36.11491,444.8332
2024-07,NE,Nebraska,IND,industrial,66234,7.87,93.38655,1186.98782
2024-07,NV,Nevada,IND,industrial,4958,9.93,123.72917,1245.87419
2024-07,NH,New Hampshire,IND,industrial,6240,15.96,32.80875,205.56621
2024-07,NJ,New Jersey,IND,industrial,11236,13.06,70.54052,540.07287
2024-07,NM,New Mexico,IND,industrial,9716,5.69,69.08687,1213.57659
2024-07,AL,Alabama,IND,industrial,7250,7.36,205.5112,2790.63639
2024-07,AK,Alaska,IND,industrial,1217,19.15,21.87263,114.22738
2024-07,AZ,Arizona,IND,industrial,7125,9.03,117.19322,1297.95161
2024-07,AR,Arkansas,IND,industrial,41799,6.92,123.09745,1777.74954
2024-07,CA,California,IND,industrial,152098,26.12,1159.54107,4439.63391
2024-07,CO,Colorado,IND,industrial,15037,9.32,132.4911,1421.38697
2024-07,CT,Connecticut,IND,industrial,3837,17.26,40.00493,231.75552
2024-07,DE,Delaware,IND,industrial,741,8.52,15.03803,176.44243
2024-07,DC,District of Columbia,IND,industrial,1,11.47,1.7871,15.58414
2024-07,FL,Florida,IND,industrial,27293,8.42,128.60143,1526.69579
2024-07,GA,Georgia,IND,industrial,24553,8.86,262.19994,2960.42185
2024-07,HI,Hawaii,IND,industrial,816,33.11,100.46056,303.40896
2024-07,ID,Idaho,IND,industrial,29818,8.44,111.54656,1321.61689
2024-07,IL,Illinois,IND,industrial,5464,9.39,335.95933,3579.16096
2024-07,IN,Indiana,IND,industrial,18586,8.2,306.7969,3740.16061
2024-07,IA,Iowa,IND,industrial,8637,8.27,193.00632,2332.69061
2024-07,KS,Kansas,IND,industrial,24929,8.35,86.95101,1040.8549
2024-07,KY,Kentucky,IND,industrial,5331,6.69,153.56316,2295.46204
2024-07,LA,Louisiana,IND,industrial,18458,5.62,208.40803,3708.70424
2024-07,ME,Maine,IND,industrial,1872,13.39,25.95852,193.9025
2024-07,MD,Maryland,IND,industrial,9067,11.06,36.58502,330.65782
2022-09,NE,Nebraska,IND,industrial,66779,7.52,87.56207,1164.17919
2022-09,NV,Nevada,IND,industrial,3537,11.28,126.2159,1118.51381
2022-09,NH,New Hampshire,IND,industrial,3164,15.33,25.36188,165.39602
2022-09,NJ,New Jersey,IND,industrial,11346,12.98,67.63824,521.23686
2022-09,NC,North Carolina,IND,industrial,9245,7.29,158.2823,2172.29267
2022-09,ND,North Dakota,IND,industrial,9206,7.31,74.35175,1017.10552
2022-09,OH,Ohio,IND,industrial,19301,7.79,327.11575,4200.37759
2022-09,OK,Oklahoma,IND,industrial,20124,7.59,138.05638,1819.08316
2022-09,OR,Oregon,IND,industrial,26951,7.41,116.11699,1568.09511
2024-04,NEW,New England,IND,industrial,20996,15.91,177.73066,1117.29294
2024-04,MAT,Middle Atlantic,IND,industrial,42698,7.92,471.14918,5949.31825
2024-04,ENC,East North Central,IND,industrial,54124,7.89,1184.2379,15005.88098
2024-04,WNC,West North Central,IND,industrial,131411,7.36,606.02154,8239.25446
2024-04,SAT,South Atlantic,IND,industrial,88058,7.4,843.75265,11397.9014
2024-04,ESC,East South Central,IND,industrial,24457,6.78,527.56696,7780.69158
2024-04,WSC,West South Central,IND,industrial,433420,5.83,1095.97787,18802.51509
2024-04,MTN,Mountain,IND,industrial,99702,7.27,499.94528,6877.58279
2024-04,PACC,Pacific Contiguous,IND,industrial,199863,13.22,835.95838,6323.01344
2024-04,PACN,Pacific Noncontiguous,IND,industrial,2018,31.08,120.41463,387.48793
2024-04,US,U.S. Total,IND,industrial,1096747,7.77,6362.75504,81880.93885
2024-04,OK,Oklahoma,IND,industrial,18531,5.31,98.23482,1849.07816
2024-04,OR,Oregon,IND,industrial,25641,7.16,95.59173,1335.67571
2024-04,PA,Pennsylvania,IND,industrial,14801,7.6,317.28021,4173.91252
2023-03,PACC,Pacific Contiguous,IND,industrial,206963,12.2,757.58913,6209.99986
2023-03,PACN,Pacific Noncontiguous,IND,industrial,1946,32.27,127.12125,393.90116
2023-03,US,U.S. Total,IND,industrial,1061218,7.8,6460.45854,82817.07913
2023-12,AL,Alabama,IND,industrial,7209,6.8,176.39835,2594.83092
2023-12,AK,Alaska,IND,industrial,1175,20.55,24.34964,118.49458
2023-12,AZ,Arizona,IND,industrial,7500,7.86,91.63267,1166.2807
2023-12,AR,Arkansas,IND,industrial,35614,6.33,96.52474,1524.11124
2023-12,CA,California,IND,industrial,146640,17.99,582.45146,3238.52613
2023-12,CO,Colorado,IND,industrial,15271,8.17,100.55349,1230.28108
2023-12,CT,Connecticut,IND,industrial,3874,16.28,30.61491,188.02759
2023-12,DE,Delaware,IND,industrial,878,7.52,11.27975,149.97939
2023-12,DC,District of Columbia,IND,industrial,1,10.93,1.73406,15.86543
2023-12,FL,Florida,IND,industrial,26428,9.08,132.42599,1458.00899
2023-12,GA,Georgia,IND,industrial,24007,6.23,157.35071,2524.64591
2023-12,HI,Hawaii,IND,industrial,815,35.4,100.86156,284.91185
2023-12,ID,Idaho,IND,industrial,29352,6.21,33.36188,537.15437
2023-12,IL,Illinois,IND,industrial,5507,8.1,277.7249,3428.78068
2023-12,IN,Indiana,IND,industrial,19381,7.87,259.08809,3291.55086
2023-12,IA,Iowa,IND,industrial,9701,5.97,134.89307,2260.17982
2023-12,KS,Kansas,IND,industrial,23793,7.14,65.11403,912.24452
2023-12,KY,Kentucky,IND,industrial,5103,6.36,142.39301,2238.69395
2009-10,NM,New Mexico,IND,industrial,6917,5.75,31.55941,549.17204
2009-10,NY,New York,IND,industrial,8540,8.46,97.06128,1147.33119
2009-10,NC,North Carolina,IND,industrial,11338,6.18,130.49996,2112.4257
2009-10,ND,North Dakota,IND,industrial,2510,5.24,16.58244,316.72952
2009-10,OH,Ohio,IND,industrial,21009,6.39,281.5286,4404.95705
2009-10,OK,Oklahoma,IND,industrial,17737,4.43,52.51551,1185.01364
2009-10,OR,Oregon,IND,industrial,22703,5.57,55.96498,1004.07487
2009-10,PA,Pennsylvania,IND,industrial,27396,7.24,268.5235,3708.07951
2009-10,RI,Rhode Island,IND,industrial,2011,12.55,9.48963,75.6112
2009-10,SC,South Carolina,IND,industrial,4438,5.76,125.40758,2177.06137
2009-10,SD,South Dakota,IND,industrial,2835,5.64,10.71666,190.00674
2009-10,TN,Tennessee,IND,industrial,2023,6.4,149.96478,2344.49324
2009-10,TX,Texas,IND,industrial,126603,6.32,516.48741,8170.1932
2009-10,UT,Utah,IND,industrial,9493,5.11,34.98717,684.10588
2009-10,VT,Vermont,IND,industrial,225,9.19,10.39957,113.21218
2009-10,VA,Virginia,IND,industrial,5270,6.81,100.10299,1470.88088
2009-10,WA,Washington,IND,industrial,26298,4.55,89.47485,1967.65008
2009-10,WV,West Virginia,IND,industrial,12229,5.27,49.32912,935.7037
2009-10,WI,Wisconsin,IND,industrial,4068,6.61,128.82485,1947.89392
2009-10,WY,Wyoming,IND,industrial,8715,5.11,44.31969,867.52847
2009-10,NEW,New England,IND,industrial,29341,13.2,313.32603,2373.24286
2019-12,DE,Delaware,IND,industrial,862,7.45,11.36521,152.50604
2019-12,DC,District of Columbia,IND,industrial,1,8.19,1.27076,15.51163
2019-12,FL,Florida,IND,industrial,23305,7.42,98.2662,1324.33553
2008-08,WI,Wisconsin,IND,industrial,5680,6.82,148.45177,2176.97115
2008-08,WY,Wyoming,IND,industrial,9472,4.66,37.89384,813.65049
2008-08,NEW,New England,IND,industrial,28475,14.09,262.36897,1862.58499
2008-08,MAT,Middle Atlantic,IND,industrial,49558,8.9,548.06255,6160.0663
2009-10,WSC,West South Central,IND,industrial,196613,5.77,745.21014,12923.8131
2009-10,MTN,Mountain,IND,industrial,82961,6.26,393.48185,6289.05176
2010-10,MTN,Mountain,IND,industrial,82507,6.15,404.11589,6570.18486
2010-10,PACC,Pacific Contiguous,IND,industrial,122811,7.98,604.35512,7576.26278
2010-10,PACN,Pacific Noncontiguous,IND,industrial,1920,19.72,85.89083,435.59904
2010-10,US,U.S. Total,IND,industrial,730877,6.8,5580.30528,82080.65341
2010-11,MS,Mississippi,IND,industrial,6875,6.23,80.05456,1286.00939
2010-11,MO,Missouri,IND,industrial,8886,5.2,76.84736,1477.48122
2010-11,MT,Montana,IND,industrial,3709,5.47,19.46181,355.87962
2008-08,ENC,East North Central,IND,industrial,64272,6.69,1204.30358,17989.67958
2008-08,WNC,West North Central,IND,industrial,118508,6,473.07103,7879.47731
2008-08,SAT,South Atlantic,IND,industrial,80863,6.76,911.15578,13473.07934
2008-08,ESC,East South Central,IND,industrial,25823,6.26,663.1283,10595.10315
2008-08,WSC,West South Central,IND,industrial,235637,8.95,1321.42201,14761.96997
2008-08,MTN,Mountain,IND,industrial,85438,6.68,510.15196,7636.09737
2008-08,PACC,Pacific Contiguous,IND,industrial,136522,8.78,680.31748,7744.64777
2008-08,PACN,Pacific Noncontiguous,IND,industrial,2290,25.79,115.83004,449.20447
2008-08,US,U.S. Total,IND,industrial,827386,7.55,6689.81169,88551.91025
2008-09,ND,North Dakota,IND,industrial,2353,5.87,18.07161,307.90679
2009-10,ENC,East North Central,IND,industrial,61930,6.42,1038.27395,16183.45159
2009-10,WNC,West North Central,IND,industrial,81522,5.53,369.65974,6684.95889
2009-10,SAT,South Atlantic,IND,industrial,78367,6.59,747.66814,11338.80013
2009-10,ESC,East South Central,IND,industrial,25263,5.34,563.33135,10553.96926
2009-10,MAT,Middle Atlantic,IND,industrial,49414,8.05,446.69534,5550.23453
2008-03,MA,Massachusetts,IND,industrial,14174,13.53,98.05242,724.72742
2008-03,MI,Michigan,IND,industrial,13551,6.38,173.80023,2723.79967
2008-03,MN,Minnesota,IND,industrial,10734,5.67,112.09631,1978.59654
2008-03,MS,Mississippi,IND,industrial,7102,5.75,77.8645,1354.53289
2008-03,MO,Missouri,IND,industrial,9340,4.34,63.52257,1465.31353
2008-03,MT,Montana,IND,industrial,4733,6.02,27.50669,456.99485
2008-03,NE,Nebraska,IND,industrial,63930,5.41,39.93635,737.68136
2008-03,NV,Nevada,IND,industrial,3345,7.8,86.35622,1106.71628
2008-03,NH,New Hampshire,IND,industrial,3214,12.43,21.37447,171.97159
2008-03,NJ,New Jersey,IND,industrial,13414,11.74,103.84175,884.66209
2008-03,NM,New Mexico,IND,industrial,6330,5.65,30.96969,548.19713
2008-03,NY,New York,IND,industrial,8826,8.69,100.82384,1160.0388
2008-03,NC,North Carolina,IND,industrial,10645,5.2,119.3906,2297.26801
2008-03,ND,North Dakota,IND,industrial,2243,5.54,16.59393,299.47866
2008-03,OH,Ohio,IND,industrial,21245,5.97,300.46941,5031.60455
2008-03,OK,Oklahoma,IND,industrial,17578,5.23,67.21414,1286.28767
2008-03,OR,Oregon,IND,industrial,23408,5.06,53.94542,1066.37231
2008-03,PA,Pennsylvania,IND,industrial,27519,7.04,281.70858,4000.331
2008-03,RI,Rhode Island,IND,industrial,2080,14.64,9.68026,66.141
2008-03,SC,South Carolina,IND,industrial,4710,4.9,121.56795,2482.82776
2010-05,LA,Louisiana,IND,industrial,18123,5.66,135.04564,2387.39347
2010-05,ME,Maine,IND,industrial,2817,8.88,23.96729,270.01836
2010-05,MD,Maryland,IND,industrial,8680,9.35,42.95312,459.42306
2010-06,DC,District of Columbia,IND,industrial,1,8.05,1.83124,22.75674
2010-06,FL,Florida,IND,industrial,18211,8.89,137.26334,1544.45691
2010-06,GA,Georgia,IND,industrial,16046,6.73,182.27227,2707.8509
2010-11,WV,West Virginia,IND,industrial,12358,6.36,58.49539,920.43211
2010-11,WI,Wisconsin,IND,industrial,3976,6.8,126.90687,1866.263
2010-11,WY,Wyoming,IND,industrial,8669,5.02,43.7132,870.64516
2010-12,NE,Nebraska,IND,industrial,32650,5.53,45.16931,817.44154
2019-09,GA,Georgia,IND,industrial,24007,7.04,194.42126,2763.16982
2019-09,HI,Hawaii,IND,industrial,827,25.21,82.29145,326.4774
2019-09,ID,Idaho,IND,industrial,28715,6.14,48.51894,790.11293
2019-11,DE,Delaware,IND,industrial,864,7.57,13.26319,175.1561
2019-11,DC,District of Columbia,IND,industrial,1,8.24,1.35138,16.40951
2019-11,FL,Florida,IND,industrial,23421,7.82,103.08862,1318.20508
2019-12,CA,California,IND,industrial,150687,12.14,445.15804,3668.05577
2019-12,CO,Colorado,IND,industrial,14269,6.9,90.24116,1308.37188
2019-12,CT,Connecticut,IND,industrial,4142,13.29,28.78072,216.58007
2008-08,RI,Rhode Island,IND,industrial,2069,14.31,12.10325,84.57226
2008-08,SC,South Carolina,IND,industrial,4708,5.83,154.26759,2646.77385
2008-08,SD,South Dakota,IND,industrial,3599,5.41,12.02699,222.13714
2008-08,TN,Tennessee,IND,industrial,2045,6.41,176.55308,2756.29319
2008-08,TX,Texas,IND,industrial,160279,9.54,893.33299,9367.09887
2008-08,UT,Utah,IND,industrial,9524,5.06,40.17688,793.33195
2008-08,VT,Vermont,IND,industrial,311,9.11,11.89543,130.64357
2008-08,VA,Virginia,IND,industrial,5334,6.28,104.43253,1662.50048
2008-08,WA,Washington,IND,industrial,31405,4.7,89.58068,1905.36187
2008-08,WV,West Virginia,IND,industrial,12032,4.35,53.66727,1233.69074
2008-09,MS,Mississippi,IND,industrial,7644,7.03,93.97188,1336.68547
2008-09,MO,Missouri,IND,industrial,9327,5.31,83.00598,1561.78633
2008-09,MT,Montana,IND,industrial,7701,6.29,30.31095,482.19933
2008-09,NE,Nebraska,IND,industrial,64684,5.55,47.62721,857.6563
2008-09,NV,Nevada,IND,industrial,3859,8.5,99.05708,1165.69105
2008-09,NH,New Hampshire,IND,industrial,3638,13.79,24.4014,176.93574
2008-09,NJ,New Jersey,IND,industrial,13395,12.91,120.05232,929.70283
2008-09,NM,New Mexico,IND,industrial,6582,7.38,42.28932,572.93139
2008-09,NY,New York,IND,industrial,8640,9.95,131.23961,1318.39631
2008-09,NC,North Carolina,IND,industrial,11400,5.86,143.59385,2451.21388
2008-08,NY,New York,IND,industrial,8734,10.58,128.4851,1214.05111
2008-08,NC,North Carolina,IND,industrial,11224,5.88,151.33454,2573.08806
2008-08,ND,North Dakota,IND,industrial,2357,5.83,18.77916,322.0679
2008-10,CA,California,IND,industrial,77192,10.57,468.85504,4437.24377
2008-10,CO,Colorado,IND,industrial,13201,6.68,77.75555,1164.00637
2008-11,AK,Alaska,IND,industrial,1200,12.93,14.4051,111.38667
2008-10,CT,Connecticut,IND,industrial,5184,15.28,58.98514,386.0611
2008-10,DE,Delaware,IND,industrial,620,10.37,28.60615,275.76753
2008-10,DC,District of Columbia,IND,industrial,1,10.55,1.99894,18.94831
2008-10,FL,Florida,IND,industrial,21410,8.73,135.15062,1547.76434
2008-10,GA,Georgia,IND,industrial,15833,6.5,177.96377,2736.00177
2008-10,HI,Hawaii,IND,industrial,662,29.1,95.76989,329.11551
2008-11,AZ,Arizona,IND,industrial,7250,5.88,60.24866,1024.97766
2008-11,AR,Arkansas,IND,industrial,30993,5.85,76.14492,1300.84273
2008-11,CA,California,IND,industrial,76566,10.13,411.29535,4059.97884
2008-12,AL,Alabama,IND,industrial,9257,6.69,155.28284,2320.8385
2009-10,MN,Minnesota,IND,industrial,8587,6.07,104.91462,1729.34294
2009-10,MS,Mississippi,IND,industrial,6916,6.21,82.67519,1331.87303
2009-10,MO,Missouri,IND,industrial,8966,5.04,67.0359,1328.82801
2009-10,MT,Montana,IND,industrial,5618,5.5,21.25006,386.45393
2009-10,NE,Nebraska,IND,industrial,29652,5.58,44.00191,788.25785
2009-10,NV,Nevada,IND,industrial,3771,7.96,87.65694,1100.85599
2009-10,NH,New Hampshire,IND,industrial,3183,13.08,20.54113,157.02564
2009-10,NJ,New Jersey,IND,industrial,13478,11.67,81.11057,694.82384
2009-12,CT,Connecticut,IND,industrial,4934,14.31,41.18427,287.82693
2008-08,NJ,New Jersey,IND,industrial,13331,13.69,124.06556,906.33708
2008-08,NM,New Mexico,IND,industrial,6538,7.63,47.4022,621.47564
2008-09,ID,Idaho,IND,industrial,27395,5,42.199,844.64657
2008-09,IL,Illinois,IND,industrial,6014,7.64,296.456,3882.62765
2008-09,IN,Indiana,IND,industrial,18093,5.83,238.53726,4094.95203
2008-09,IA,Iowa,IND,industrial,7066,5.19,81.17767,1565.24677
2008-09,KS,Kansas,IND,industrial,19972,5.84,56.82995,973.54579
2008-09,KY,Kentucky,IND,industrial,6291,5.1,196.18319,3843.76657
2008-09,LA,Louisiana,IND,industrial,20106,9.06,211.67113,2336.68756
2008-09,ME,Maine,IND,industrial,2832,11.03,34.85639,316.00679
2008-09,MD,Maryland,IND,industrial,8478,10.95,50.79045,463.71219
2008-09,MA,Massachusetts,IND,industrial,13742,14.55,112.32639,772.0743
2008-09,MI,Michigan,IND,industrial,13489,6.97,200.6909,2878.25655
2008-09,MN,Minnesota,IND,industrial,10866,6.06,123.78324,2041.99598
2010-07,TX,Texas,IND,industrial,132934,6.54,600.64216,9185.31594
2010-07,UT,Utah,IND,industrial,9531,5.66,44.6514,788.51948
2010-07,VT,Vermont,IND,industrial,218,9.37,11.7086,125.00132
2010-07,VA,Virginia,IND,industrial,5820,6.89,110.93926,1609.32504
2010-07,WA,Washington,IND,industrial,33710,3.9,94.42289,2422.30034
2010-07,WV,West Virginia,IND,industrial,12374,6,58.40306,973.40275
2010-10,SAT,South Atlantic,IND,industrial,77211,6.51,753.41486,11572.69464
2010-10,ESC,East South Central,IND,industrial,22679,6.05,630.3784,10427.92813
2010-10,WSC,West South Central,IND,industrial,197947,6.15,835.28291,13589.03944
2010-10,OH,Ohio,IND,industrial,20628,6.64,298.02299,4490.74606
2010-10,OK,Oklahoma,IND,industrial,18346,5.36,66.43347,1238.55223
2010-11,HI,Hawaii,IND,industrial,684,22.58,68.9972,305.54598
2010-11,ID,Idaho,IND,industrial,25458,4.53,24.5489,542.18984
2010-11,IL,Illinois,IND,industrial,6029,6.6,230.39456,3492.67549
2010-11,IN,Indiana,IND,industrial,18787,6.26,238.21951,3803.21298
2010-11,IA,Iowa,IND,industrial,5974,4.88,80.3077,1644.61936
2010-12,AR,Arkansas,IND,industrial,30721,5.23,70.14236,1341.55704
2010-12,CA,California,IND,industrial,74200,8.59,356.82199,4153.63052
2010-07,WI,Wisconsin,IND,industrial,5436,7.12,154.26256,2166.95034
2010-07,WY,Wyoming,IND,industrial,9462,4.91,38.40826,782.67076
2010-12,ID,Idaho,IND,industrial,25537,4.53,25.18706,555.95624
2010-10,NE,Nebraska,IND,industrial,32461,5.87,47.70788,812.23684
2010-10,NV,Nevada,IND,industrial,3589,6.94,77.23583,1113.4428
2010-10,NH,New Hampshire,IND,industrial,3487,12.84,21.19303,165.03507
2010-10,NJ,New Jersey,IND,industrial,12921,10.76,80.4326,747.45477
2010-10,NM,New Mexico,IND,industrial,7388,5.96,34.76188,583.53867
2010-10,NY,New York,IND,industrial,8359,8.71,97.3276,1117.01476
2010-10,NC,North Carolina,IND,industrial,10946,6.15,134.13535,2181.86732
2010-10,ND,North Dakota,IND,industrial,2628,5.84,19.45336,332.90355
2008-10,AK,Alaska,IND,industrial,1230,13.14,15.44417,117.57281
2008-10,AZ,Arizona,IND,industrial,7303,6.63,73.44986,1108.19753
2008-10,AR,Arkansas,IND,industrial,34421,5.83,79.83656,1370.43906
2008-11,AL,Alabama,IND,industrial,9346,7.01,181.08965,2582.55211
2010-11,NE,Nebraska,IND,industrial,30797,5.38,45.60808,848.5054
2010-12,DE,Delaware,IND,industrial,1214,9.72,19.32857,198.84412
2010-12,DC,District of Columbia,IND,industrial,1,9.18,1.95407,21.28668
2010-12,FL,Florida,IND,industrial,18148,9.15,129.89922,1419.81022
2010-12,GA,Georgia,IND,industrial,15854,6.46,159.68313,2470.0783
2010-12,HI,Hawaii,IND,industrial,675,22.57,68.72778,304.54332
2010-05,IA,Iowa,IND,industrial,6031,5.2,84.18843,1620.36417
2010-05,KS,Kansas,IND,industrial,23048,6.14,58.44851,952.33781
2010-05,KY,Kentucky,IND,industrial,7221,4.99,198.18079,3967.85491
2008-03,CT,Connecticut,IND,industrial,5354,13.73,53.29986,388.14313
2008-03,DE,Delaware,IND,industrial,618,9.82,23.00974,234.24723
2008-03,DC,District of Columbia,IND,industrial,1,10.81,2.5835,23.8943
2008-03,FL,Florida,IND,industrial,23142,7.68,117.45185,1529.84738
2008-03,GA,Georgia,IND,industrial,15779,5.97,163.36264,2737.33956
2008-03,HI,Hawaii,IND,industrial,677,23.87,75.78454,317.45622
2008-03,ID,Idaho,IND,industrial,26583,3.83,22.00742,574.7561
2008-03,IL,Illinois,IND,industrial,6022,7.2,277.43814,3852.98734
2008-03,IN,Indiana,IND,industrial,18077,4.8,199.12206,4149.26834
2008-03,IA,Iowa,IND,industrial,7032,4.51,71.37451,1581.33092
2008-03,KS,Kansas,IND,industrial,19368,5.35,47.7807,892.8242
2008-03,KY,Kentucky,IND,industrial,6323,4.68,194.21688,4151.72219
2008-03,LA,Louisiana,IND,industrial,20567,7.19,148.35561,2063.70235
2008-03,ME,Maine,IND,industrial,2816,11.87,31.17321,262.51473
2008-03,MD,Maryland,IND,industrial,8990,10.06,47.33931,470.56669
2009-10,IL,Illinois,IND,industrial,5835,6.92,242.38312,3502.41955
2009-10,IN,Indiana,IND,industrial,18227,5.62,215.09641,3824.58158
2009-10,IA,Iowa,IND,industrial,6128,5.07,76.08223,1500.1967
2009-10,KS,Kansas,IND,industrial,22844,6.05,50.32597,831.59714
2009-10,KY,Kentucky,IND,industrial,7103,4.67,202.12162,4329.71791
2009-10,LA,Louisiana,IND,industrial,18417,4.71,107.74374,2288.91162
2009-10,ME,Maine,IND,industrial,2866,9.65,27.436,284.17192
2009-10,MD,Maryland,IND,industrial,8781,9.61,43.52309,453.07496
2009-10,MA,Massachusetts,IND,industrial,16176,13.91,199.38653,1433.42138
2009-10,MI,Michigan,IND,industrial,12791,6.81,170.44098,2503.59949
2009-11,CO,Colorado,IND,industrial,14725,6.45,67.9619,1053.9846
2009-11,CT,Connecticut,IND,industrial,4860,14.79,42.15953,285.14573
2009-11,DE,Delaware,IND,industrial,1226,9.17,21.15286,230.73437
2009-11,DC,District of Columbia,IND,industrial,1,7.37,1.35584,18.39665
2009-11,FL,Florida,IND,industrial,19726,9.15,128.18804,1401.2909
2009-11,GA,Georgia,IND,industrial,15468,5.59,137.37794,2456.29735
2009-11,HI,Hawaii,IND,industrial,683,20.15,62.50925,310.17625
2009-11,ID,Idaho,IND,industrial,25952,4.53,24.95932,550.42326
2009-11,IL,Illinois,IND,industrial,5852,6.81,225.0254,3304.44068
2009-11,IN,Indiana,IND,industrial,18193,5.64,205.49789,3645.47164
2009-11,IA,Iowa,IND,industrial,6038,4.8,74.05813,1543.70613
2009-12,AK,Alaska,IND,industrial,1240,13.42,15.50878,115.60275
2009-12,AZ,Arizona,IND,industrial,7085,6.12,55.10645,900.05621
2009-12,AR,Arkansas,IND,industrial,29718,5.9,75.70578,1283.48936
2009-12,CA,California,IND,industrial,74638,9.3,351.20205,3778.34141
2009-12,CO,Colorado,IND,industrial,14691,6.14,68.61149,1118.22603
2008-08,LA,Louisiana,IND,industrial,20390,9.67,235.42376,2433.88242
2008-08,ME,Maine,IND,industrial,2829,11.54,30.73846,266.3639
2008-08,MD,Maryland,IND,industrial,8634,10.55,52.48618,497.62084
2008-08,MA,Massachusetts,IND,industrial,14079,14.99,117.13043,781.34903
2008-08,MI,Michigan,IND,industrial,13324,7.09,191.08432,2693.9317
2008-08,MN,Minnesota,IND,industrial,10910,6.52,141.81898,2173.76186
2008-08,MS,Mississippi,IND,industrial,8121,7.06,103.17851,1460.47958
2008-08,MO,Missouri,IND,industrial,9730,5.76,85.18706,1479.50542
2008-08,MT,Montana,IND,industrial,8045,6.32,34.03118,538.33787
2008-08,NE,Nebraska,IND,industrial,64814,5.74,56.9558,992.47952
2008-08,NV,Nevada,IND,industrial,3849,8.32,109.39311,1315.05059
2008-09,DE,Delaware,IND,industrial,615,11.28,28.46405,252.28345
2008-09,DC,District of Columbia,IND,industrial,1,13.12,2.75463,21.00028
2008-09,FL,Florida,IND,industrial,21949,8.67,138.21798,1593.85693
2008-09,GA,Georgia,IND,industrial,16090,7.1,192.69484,2714.93647
2008-09,HI,Hawaii,IND,industrial,667,30.3,97.23204,320.91007
2008-10,AL,Alabama,IND,industrial,9235,6.96,194.20009,2789.89861
2009-09,PA,Pennsylvania,IND,industrial,27402,7.26,260.72512,3592.9176
2009-09,RI,Rhode Island,IND,industrial,2001,12.61,8.54074,67.74
2010-04,AK,Alaska,IND,industrial,1220,14.62,15.78029,107.93103
2010-04,AZ,Arizona,IND,industrial,7183,6.24,56.64466,907.74026
2010-04,AR,Arkansas,IND,industrial,28257,5.14,68.71429,1336.25284
2010-04,CA,California,IND,industrial,75846,9.03,357.61811,3959.92863
2010-04,CO,Colorado,IND,industrial,15094,7.02,83.78689,1194.39713
2010-04,CT,Connecticut,IND,industrial,5177,14.62,43.86997,300.01696
2010-04,DE,Delaware,IND,industrial,1242,9.04,18.62855,206.17827
2010-04,DC,District of Columbia,IND,industrial,1,7.17,1.2661,17.65278
2010-04,FL,Florida,IND,industrial,17920,8.79,126.42209,1437.63019
2010-04,GA,Georgia,IND,industrial,15437,5.61,139.37263,2482.78412
2010-11,OR,Oregon,IND,industrial,20146,5.58,55.16011,989.07806
2010-12,KS,Kansas,IND,industrial,24559,6.3,53.26062,846.00304
2010-12,KY,Kentucky,IND,industrial,7219,5.13,202.04955,3942.22721
2010-01,WSC,West South Central,IND,industrial,189036,6.1,741.34748,12162.26354
2010-01,MTN,Mountain,IND,industrial,79128,5.64,339.08285,6015.88825
2010-01,PACC,Pacific Contiguous,IND,industrial,118498,6.74,442.75812,6565.87828
2010-01,PACN,Pacific Noncontiguous,IND,industrial,1890,18.64,77.79969,417.35593
2010-01,US,U.S. Total,IND,industrial,710700,6.5,4909.0917,75548.90308
2010-04,ID,Idaho,IND,industrial,25714,4.8,29.1452,606.71481
2010-04,HI,Hawaii,IND,industrial,691,21.14,61.77449,292.18753
2010-05,AL,Alabama,IND,industrial,6977,6.11,170.03214,2784.11355
2010-05,AK,Alaska,IND,industrial,1210,14.78,15.18473,102.75789
2010-05,AZ,Arizona,IND,industrial,7191,6.89,66.20816,960.48184
2010-05,AR,Arkansas,IND,industrial,30105,5.34,75.52177,1415.14219
2010-05,CA,California,IND,industrial,75702,9.42,372.55898,3954.51441
2010-05,CO,Colorado,IND,industrial,15148,7.12,88.17278,1238.34795
2010-06,AL,Alabama,IND,industrial,7036,6.47,177.4251,2742.60999
2010-06,AK,Alaska,IND,industrial,1222,13.97,14.95026,107.00649
2010-06,AZ,Arizona,IND,industrial,7186,7.08,70.1618,991.38791
2010-07,SAT,South Atlantic,IND,industrial,78888,7.21,873.73006,12121.3997
2010-07,ESC,East South Central,IND,industrial,23862,6.22,621.4243,9983.86913
2010-07,WSC,West South Central,IND,industrial,208551,6.29,911.99827,14508.76433
2010-07,MTN,Mountain,IND,industrial,87365,7,521.24452,7448.53347
2010-07,PACC,Pacific Contiguous,IND,industrial,136686,8.14,644.50832,7919.48988
2010-07,PACN,Pacific Noncontiguous,IND,industrial,2294,19.86,86.06485,433.31119
2010-11,ND,North Dakota,IND,industrial,2643,5.75,19.37911,337.11584
2010-11,OH,Ohio,IND,industrial,20613,6.44,285.52755,4436.86823
2010-11,OK,Oklahoma,IND,industrial,18333,5.04,64.28385,1275.45222
2009-09,SC,South Carolina,IND,industrial,4480,5.8,126.98697,2190.002
2009-09,SD,South Dakota,IND,industrial,3451,5.86,11.91738,203.41508
2009-09,TN,Tennessee,IND,industrial,2028,6.64,158.74672,2391.38932
2009-09,TX,Texas,IND,industrial,131212,6.37,535.39657,8404.98929
2009-09,UT,Utah,IND,industrial,9563,5.13,38.5803,751.60039
2009-09,VT,Vermont,IND,industrial,225,9.19,10.4669,113.94812
2009-09,VA,Virginia,IND,industrial,5305,6.9,95.44045,1383.78407
2009-09,WA,Washington,IND,industrial,32685,4.42,88.39956,2002.2092
2009-09,WV,West Virginia,IND,industrial,12236,5.05,45.58546,903.08977
2009-09,WI,Wisconsin,IND,industrial,5145,6.96,132.57562,1905.18914
2009-09,WY,Wyoming,IND,industrial,9333,4.97,36.4053,732.17746
2009-09,NEW,New England,IND,industrial,29229,13.49,317.91867,2356.50511
2009-09,MAT,Middle Atlantic,IND,industrial,49324,8.24,454.01975,5510.04863
2009-09,ENC,East North Central,IND,industrial,62957,6.53,1038.50164,15904.12132
2009-09,WNC,West North Central,IND,industrial,114887,5.93,405.14979,6827.13298
2009-09,SAT,South Atlantic,IND,industrial,78946,6.62,753.96441,11381.41622
2009-09,ESC,East South Central,IND,industrial,25991,5.73,583.32752,10181.58577
2009-09,WSC,West South Central,IND,industrial,204217,5.79,770.59161,13312.00165
2009-09,MTN,Mountain,IND,industrial,87089,6.71,440.07025,6555.24045
2009-09,PACC,Pacific Contiguous,IND,industrial,135391,8.88,657.93484,7408.32739
2009-09,PACN,Pacific Noncontiguous,IND,industrial,2255,18.19,77.67782,427.01144
2009-09,US,U.S. Total,IND,industrial,790286,6.89,5499.1563,79863.39097
2009-10,DC,District of Columbia,IND,industrial,1,8.91,1.47543,16.56632
2009-10,FL,Florida,IND,industrial,19670,9,122.50685,1360.63645
2009-10,GA,Georgia,IND,industrial,15412,5.93,152.11301,2565.48576
2009-10,HI,Hawaii,IND,industrial,694,20.49,68.06279,332.16876
2009-10,ID,Idaho,IND,industrial,26370,4.71,27.35222,580.20302
2009-11,AR,Arkansas,IND,industrial,30807,5.53,70.07447,1266.78538
2009-11,CA,California,IND,industrial,74931,8.78,333.20297,3795.37038
2009-12,AL,Alabama,IND,industrial,9181,6.49,160.1034,2466.12042
2010-01,MAT,Middle Atlantic,IND,industrial,48922,8.05,436.06306,5413.97449
2010-01,ENC,East North Central,IND,industrial,62077,6.41,1004.73098,15669.0624
2010-01,WNC,West North Central,IND,industrial,83391,5.37,353.88875,6587.48994
2010-01,SAT,South Atlantic,IND,industrial,75390,6.51,678.40464,10422.53891
2010-01,ESC,East South Central,IND,industrial,22099,5.38,539.51138,10023.40278
2010-04,AL,Alabama,IND,industrial,6908,5.77,153.93204,2666.15067
2010-07,NEW,New England,IND,industrial,29391,13.43,334.24717,2489.39143
2010-07,MAT,Middle Atlantic,IND,industrial,48472,8.96,537.10818,5991.31286
2010-07,ENC,East North Central,IND,industrial,64569,6.73,1156.13965,17171.02871
2010-07,WNC,West North Central,IND,industrial,130722,6.65,510.39187,7676.70899
2010-11,NV,Nevada,IND,industrial,3392,5,55.52403,1110.20248
2010-11,NH,New Hampshire,IND,industrial,3482,12.89,20.01124,155.27382
2010-11,NJ,New Jersey,IND,industrial,12819,11.26,75.27394,668.25102
2010-11,NM,New Mexico,IND,industrial,7379,5.46,30.05442,550.01569
2010-11,NY,New York,IND,industrial,8271,8.3,89.3205,1076.02154
2010-11,NC,North Carolina,IND,industrial,10926,5.77,132.91682,2303.14397
2010-12,IL,Illinois,IND,industrial,6050,6.52,242.28149,3717.57419
2010-12,IN,Indiana,IND,industrial,18641,6,231.88663,3862.09426
2010-12,IA,Iowa,IND,industrial,6106,5.11,77.81117,1523.49255
2010-01,WA,Washington,IND,industrial,24640,4.02,86.48089,2149.16832
2008-07,NEW,New England,IND,industrial,27965,14.32,262.16106,1830.29151
2008-07,MAT,Middle Atlantic,IND,industrial,49665,8.95,562.31748,6282.99997
2008-07,ENC,East North Central,IND,industrial,64624,6.86,1250.2827,18220.72744
2008-07,WNC,West North Central,IND,industrial,118267,6.03,477.04826,7910.73149
2008-07,SAT,South Atlantic,IND,industrial,81160,6.94,900.60806,12982.4059
2008-07,ESC,East South Central,IND,industrial,26006,6.46,681.5846,10550.89745
2008-07,WSC,West South Central,IND,industrial,235135,9.33,1380.77262,14799.99464
2008-07,MTN,Mountain,IND,industrial,85171,6.86,528.45499,7703.32794
2008-07,PACC,Pacific Contiguous,IND,industrial,136304,8.67,676.58055,7805.03881
2008-07,PACN,Pacific Noncontiguous,IND,industrial,2276,25.23,111.12868,440.39355
2008-07,US,U.S. Total,IND,industrial,826573,7.72,6830.939,88526.8087
2008-08,NH,New Hampshire,IND,industrial,3637,13.65,25.22308,184.78146
2010-01,WV,West Virginia,IND,industrial,12251,5.71,51.65192,904.48574
2010-01,WI,Wisconsin,IND,industrial,4032,6.51,119.38928,1833.01386
2010-01,WY,Wyoming,IND,industrial,8630,4.91,42.26523,860.34207
2010-01,NEW,New England,IND,industrial,30269,13.01,295.50475,2271.04857
2008-07,PA,Pennsylvania,IND,industrial,27533,7.1,294.43051,4148.92043
2008-07,RI,Rhode Island,IND,industrial,2035,15.58,14.69826,94.31313
2008-07,SC,South Carolina,IND,industrial,4756,5.64,140.56515,2491.40147
2008-07,SD,South Dakota,IND,industrial,3577,5.41,11.55697,213.47577
2008-07,TN,Tennessee,IND,industrial,2095,6.61,184.12086,2783.64455
2008-07,TX,Texas,IND,industrial,160417,10.15,967.05272,9523.52833
2008-07,UT,Utah,IND,industrial,9512,5.26,39.24932,745.86689
2008-07,VT,Vermont,IND,industrial,315,9.19,12.29844,133.84106
2008-07,VA,Virginia,IND,industrial,5329,6.26,101.48385,1621.61106
2008-07,WA,Washington,IND,industrial,31140,4.58,85.30418,1863.6641
2008-07,WV,West Virginia,IND,industrial,11994,4.32,52.54193,1216.1189
2008-07,WI,Wisconsin,IND,industrial,5670,6.98,155.50475,2228.55478
2008-07,WY,Wyoming,IND,industrial,9449,4.72,39.92017,846.25482
2010-11,MAT,Middle Atlantic,IND,industrial,48386,8.24,436.81653,5300.80514
2010-11,ENC,East North Central,IND,industrial,61998,6.55,1050.49712,16029.84525
2010-12,NV,Nevada,IND,industrial,3271,5.65,58.12454,1028.86403
2010-12,NH,New Hampshire,IND,industrial,3479,12.76,19.55549,153.21717
2016-11,AZ,Arizona,IND,industrial,8234,5.7,65.22504,1145.26482
2008-03,TX,Texas,IND,industrial,163475,8.18,712.35559,8705.14494
2008-03,UT,Utah,IND,industrial,9340,4.1,32.19279,784.73802
2008-03,VT,Vermont,IND,industrial,315,9.5,12.28751,129.38433
2008-03,VA,Virginia,IND,industrial,5246,5.09,80.54728,1583.2408
2008-03,WA,Washington,IND,industrial,30762,4.65,81.31505,1747.95594
2008-03,WV,West Virginia,IND,industrial,11958,4.02,48.57347,1208.89741
2008-03,WI,Wisconsin,IND,industrial,5635,6.22,127.22269,2046.4923
2008-03,WY,Wyoming,IND,industrial,9324,4.21,32.2196,765.18164
2008-03,NEW,New England,IND,industrial,27953,12.96,225.86773,1742.88221
2008-03,MAT,Middle Atlantic,IND,industrial,49759,8.05,486.37417,6045.0319
2008-03,ENC,East North Central,IND,industrial,64530,6.06,1078.05251,17804.1522
2008-03,WNC,West North Central,IND,industrial,116034,5.06,360.87962,7138.89868
2008-03,SAT,South Atlantic,IND,industrial,81089,5.76,723.82634,12568.12914
2009-12,MD,Maryland,IND,industrial,8773,9.64,41.21041,427.63843
2009-12,MA,Massachusetts,IND,industrial,16236,13.55,186.83624,1378.72244
2009-12,MI,Michigan,IND,industrial,12624,7.48,176.65283,2362.44863
2009-12,MN,Minnesota,IND,industrial,8472,6.07,103.94132,1711.75058
2009-12,MS,Mississippi,IND,industrial,6805,6.16,79.19749,1285.46874
2009-12,MO,Missouri,IND,industrial,8926,4.8,62.62511,1305.73526
2009-12,MT,Montana,IND,industrial,3408,5.39,20.07911,372.78061
2009-12,NE,Nebraska,IND,industrial,29268,4.9,44.43925,907.6637
2009-12,NV,Nevada,IND,industrial,3420,7.01,74.76569,1065.81146
2009-12,NH,New Hampshire,IND,industrial,3180,13.37,19.46161,145.60494
2008-03,SD,South Dakota,IND,industrial,3387,5.21,9.57526,183.67347
2009-11,NV,Nevada,IND,industrial,3460,5.9,67.35501,1140.71546
2009-11,NH,New Hampshire,IND,industrial,3180,13.06,19.16294,146.69467
2009-11,NJ,New Jersey,IND,industrial,12810,11.48,70.88549,617.71987
2009-11,NM,New Mexico,IND,industrial,6870,4.96,26.63084,536.65599
2009-11,NY,New York,IND,industrial,8407,8.51,96.42547,1132.66744
2009-11,NC,North Carolina,IND,industrial,11331,5.93,130.28647,2197.16187
2009-11,ND,North Dakota,IND,industrial,2540,5.17,16.14635,312.02011
2009-11,OH,Ohio,IND,industrial,20956,6.24,253.72909,4069.28877
2009-11,OK,Oklahoma,IND,industrial,17700,4.56,53.26799,1168.33944
2009-11,OR,Oregon,IND,industrial,19775,5.86,52.86672,901.95919
2009-11,PA,Pennsylvania,IND,industrial,27373,7.12,249.71873,3506.73165
2009-11,RI,Rhode Island,IND,industrial,1990,12.65,9.5387,75.40544
2009-11,SC,South Carolina,IND,industrial,4449,5.76,122.76516,2130.47886
2009-11,SD,South Dakota,IND,industrial,2777,5.45,9.80942,179.84569
2009-11,TN,Tennessee,IND,industrial,2021,6.29,140.74728,2237.77747
2009-12,LA,Louisiana,IND,industrial,18192,4.78,105.07155,2199.40928
2009-12,ME,Maine,IND,industrial,2854,10.51,23.7029,225.48545
2008-03,ESC,East South Central,IND,industrial,24696,5.03,564.92736,11234.68925
2008-03,WSC,West South Central,IND,industrial,229206,7.46,1000.27183,13411.93935
2008-04,AL,Alabama,IND,industrial,9186,5.17,155.98829,3018.95926
2008-04,AK,Alaska,IND,industrial,1235,14.67,16.54365,112.79009
2008-04,AZ,Arizona,IND,industrial,7353,6.23,65.50909,1051.01235
2008-04,AR,Arkansas,IND,industrial,27742,5.58,79.5551,1426.94727
2008-04,CA,California,IND,industrial,77840,8.88,370.40313,4169.99327
2008-04,CO,Colorado,IND,industrial,13234,6.49,72.60974,1118.54648
2008-05,AL,Alabama,IND,industrial,9262,5.53,169.95381,3071.93545
2008-05,AK,Alaska,IND,industrial,1218,15.33,16.48546,107.52107
2008-05,AZ,Arizona,IND,industrial,7394,6.48,69.87509,1078.16808
2008-06,AL,Alabama,IND,industrial,9346,6.73,210.56473,3128.26547
2008-06,AK,Alaska,IND,industrial,1219,14.83,15.59433,105.15398
2010-04,IL,Illinois,IND,industrial,5999,6.65,234.043,3517.53743
2010-04,IN,Indiana,IND,industrial,18797,5.73,220.98154,3854.8265
2010-04,IA,Iowa,IND,industrial,6060,5.11,79.23674,1550.18186
2010-04,KS,Kansas,IND,industrial,22939,6.21,52.67398,848.03355
2008-08,OH,Ohio,IND,industrial,21135,6.29,311.54993,4949.62274
2008-08,OK,Oklahoma,IND,industrial,17638,6.74,90.93694,1349.73661
2008-08,OR,Oregon,IND,industrial,27391,5.32,65.579,1233.22373
2008-08,PA,Pennsylvania,IND,industrial,27493,7.32,295.5119,4039.67812
2008-12,CT,Connecticut,IND,industrial,4940,15.17,45.84739,302.14182
2009-08,AL,Alabama,IND,industrial,9423,6.34,167.64525,2645.61099
2009-11,TX,Texas,IND,industrial,126110,6.24,478.12135,7658.76245
2009-11,UT,Utah,IND,industrial,9389,4.21,27.97655,664.97433
2009-11,VT,Vermont,IND,industrial,225,9.15,10.2696,112.20662
2009-11,VA,Virginia,IND,industrial,5283,6.73,92.4635,1374.57272
2009-11,WA,Washington,IND,industrial,24655,4.53,85.57022,1888.43161
2009-11,WV,West Virginia,IND,industrial,12256,5.43,49.81746,916.71974
2009-11,WI,Wisconsin,IND,industrial,3992,6.51,117.14002,1798.71953
2009-11,WY,Wyoming,IND,industrial,8649,4.87,43.66111,896.54354
2009-11,NEW,New England,IND,industrial,29171,13.02,295.62305,2271.33825
2009-11,MAT,Middle Atlantic,IND,industrial,48590,7.93,417.0297,5257.11896
2009-11,ENC,East North Central,IND,industrial,61635,6.22,937.27247,15070.85269
2009-11,WNC,West North Central,IND,industrial,80517,5.33,350.6165,6583.80911
2009-11,SAT,South Atlantic,IND,industrial,78525,6.49,724.26173,11160.47992
2009-11,ESC,East South Central,IND,industrial,25251,5.42,533.48632,9851.91803
2009-11,WSC,West South Central,IND,industrial,192965,5.65,697.86603,12343.09646
2009-11,MTN,Mountain,IND,industrial,79883,5.46,333.23778,6099.41328
2009-11,PACC,Pacific Contiguous,IND,industrial,119361,7.16,471.63992,6585.76118
2009-11,PACN,Pacific Noncontiguous,IND,industrial,1908,18.83,78.13396,414.92883
2009-11,US,U.S. Total,IND,industrial,717806,6.4,4839.16745,75638.71671
2009-12,NJ,New Jersey,IND,industrial,13226,11.37,74.94131,659.01521
2009-12,NM,New Mexico,IND,industrial,6858,5.36,27.57068,514.59601
2009-12,NY,New York,IND,industrial,8514,8.44,94.85458,1123.52669
2009-12,NC,North Carolina,IND,industrial,11295,5.9,118.77129,2012.00254
2009-12,ND,North Dakota,IND,industrial,2586,5.12,16.85583,329.13105
2009-12,OH,Ohio,IND,industrial,20977,6.21,263.20285,4238.00008
2010-04,MN,Minnesota,IND,industrial,9076,5.97,106.08704,1776.56492
2010-04,MS,Mississippi,IND,industrial,6541,6.15,77.75284,1265.09301
2019-09,FL,Florida,IND,industrial,23757,7.73,108.5044,1403.45749
2009-11,MT,Montana,IND,industrial,3713,5.35,19.50767,364.32653
2009-11,NE,Nebraska,IND,industrial,28899,5.13,39.4329,768.89108
2009-12,DE,Delaware,IND,industrial,1233,9.5,19.25042,202.7106
2016-11,AR,Arkansas,IND,industrial,36564,5.86,79.45444,1355.18564
2009-12,DC,District of Columbia,IND,industrial,1,7.62,1.67663,21.99439
2009-12,FL,Florida,IND,industrial,19306,9.1,126.74729,1392.41591
2009-12,GA,Georgia,IND,industrial,15331,6.21,147.71209,2378.32365
2009-12,HI,Hawaii,IND,industrial,700,20.13,61.79348,306.9771
2009-12,ID,Idaho,IND,industrial,25965,4.72,26.51767,561.55346
2009-12,IL,Illinois,IND,industrial,5839,6.64,235.87674,3550.25767
2009-12,IN,Indiana,IND,industrial,18086,5.62,206.7878,3677.49298
2009-12,IA,Iowa,IND,industrial,6098,4.85,75.37475,1553.20153
2009-12,KS,Kansas,IND,industrial,22714,5.85,48.29244,824.945
2009-12,KY,Kentucky,IND,industrial,7157,4.65,189.7802,4077.27602
2020-02,MAT,Middle Atlantic,IND,industrial,34371,6.48,392.50071,6059.69681
2020-02,ENC,East North Central,IND,industrial,55664,6.69,1020.3236,15259.15068
2020-02,WNC,West North Central,IND,industrial,122829,6.86,519.95693,7583.43224
2020-02,SAT,South Atlantic,IND,industrial,84037,6.14,678.20511,11040.42131
2020-08,MT,Montana,IND,industrial,13680,5.98,23.4211,391.36889
2020-08,NE,Nebraska,IND,industrial,65568,7.61,96.90057,1273.55345
2020-08,NV,Nevada,IND,industrial,3489,7.23,80.61147,1114.61088
2009-08,DC,District of Columbia,IND,industrial,1,10.04,1.92997,19.21519
2020-08,NH,New Hampshire,IND,industrial,3166,13.09,21.20206,161.98832
2020-08,NJ,New Jersey,IND,industrial,11559,10.52,63.96933,608.0719
2020-06,DE,Delaware,IND,industrial,887,6.54,11.29547,172.84095
2020-06,DC,District of Columbia,IND,industrial,1,7.99,1.15123,14.4082
2020-07,NE,Nebraska,IND,industrial,65769,8.22,95.94556,1167.83671
2020-08,MS,Mississippi,IND,industrial,10302,5.57,74.51898,1337.67912
2008-12,NC,North Carolina,IND,industrial,11442,5.56,99.74423,1794.48449
2008-12,OH,Ohio,IND,industrial,21082,6.38,276.67417,4335.49315
2008-12,MD,Maryland,IND,industrial,8769,10.13,41.93893,413.93511
2009-08,DE,Delaware,IND,industrial,1237,9.35,22.99407,245.92642
2020-08,MO,Missouri,IND,industrial,10061,7.72,90.68948,1174.3787
2016-11,CA,California,IND,industrial,142533,11.84,479.49332,4050.47532
2016-11,CO,Colorado,IND,industrial,15961,7.45,95.19117,1277.2168
2018-08,CA,California,IND,industrial,153826,15.17,786.55078,5184.37401
2008-10,IN,Indiana,IND,industrial,18139,6.01,240.03653,3993.95127
2008-10,IA,Iowa,IND,industrial,5801,4.53,77.58591,1711.78383
2008-10,KS,Kansas,IND,industrial,19547,5.81,50.88395,875.3699
2008-10,KY,Kentucky,IND,industrial,6302,5.35,226.03925,4224.90864
2008-10,LA,Louisiana,IND,industrial,19953,8.88,157.53518,1773.51426
2008-10,ME,Maine,IND,industrial,2827,11.45,35.90851,313.49566
2008-10,MD,Maryland,IND,industrial,8566,10.54,50.1315,475.5131
2008-10,MA,Massachusetts,IND,industrial,14098,14.35,118.42231,825.46792
2008-10,MI,Michigan,IND,industrial,12300,6.73,184.05582,2734.61095
2008-10,MN,Minnesota,IND,industrial,8392,5.68,116.68815,2053.18187
2008-10,MS,Mississippi,IND,industrial,7257,7.03,90.85977,1291.87142
2008-10,MO,Missouri,IND,industrial,9315,4.74,74.04134,1563.22531
2008-10,MT,Montana,IND,industrial,4995,5.89,28.73821,488.20724
2008-10,NE,Nebraska,IND,industrial,29427,5.01,40.4967,808.96646
2008-10,NV,Nevada,IND,industrial,3787,7.81,89.36636,1143.66698
2008-10,NH,New Hampshire,IND,industrial,3644,13.75,23.91571,173.91971
2008-10,NJ,New Jersey,IND,industrial,13287,11.69,105.74318,904.31683
2008-11,CT,Connecticut,IND,industrial,4984,15.2,54.57817,359.00587
2008-11,DE,Delaware,IND,industrial,622,9.85,23.64518,239.9839
2008-11,DC,District of Columbia,IND,industrial,1,10.34,2.22913,21.55905
2008-11,FL,Florida,IND,industrial,21278,8.62,134.04884,1555.14348
2008-11,GA,Georgia,IND,industrial,15885,6.51,159.40021,2448.51986
2008-11,HI,Hawaii,IND,industrial,665,26.72,82.3614,308.25407
2008-11,ID,Idaho,IND,industrial,25702,4.1,22.11577,538.87744
2008-11,IL,Illinois,IND,industrial,5988,7.19,253.17618,3521.74113
2008-11,IN,Indiana,IND,industrial,18118,5.8,210.11723,3624.40634
2008-11,IA,Iowa,IND,industrial,5727,4.36,70.30765,1611.83359
2008-11,KS,Kansas,IND,industrial,19660,5.44,47.04609,865.34975
2008-12,AK,Alaska,IND,industrial,1206,12.38,13.11615,105.92052
2008-12,AZ,Arizona,IND,industrial,7233,6.23,64.15134,1029.48206
2008-12,AR,Arkansas,IND,industrial,30217,6.03,68.7395,1140.5643
2008-12,CA,California,IND,industrial,76209,9.11,380.35591,4174.65615
2008-12,CO,Colorado,IND,industrial,13001,6.13,65.24626,1064.85317
2020-02,WA,Washington,IND,industrial,25672,4.7,93.13795,1980.9387
2020-02,WV,West Virginia,IND,industrial,11469,6.15,71.04698,1155.53981
2020-02,WI,Wisconsin,IND,industrial,5461,7.01,130.13105,1857.34217
2020-02,WY,Wyoming,IND,industrial,11065,6.69,57.5713,860.60862
2020-02,NEW,New England,IND,industrial,22804,13.09,167.51984,1279.90721
2008-03,TN,Tennessee,IND,industrial,2118,5.5,148.03126,2692.49637
2008-09,OH,Ohio,IND,industrial,21165,6.23,307.50622,4938.61432
2008-09,OK,Oklahoma,IND,industrial,17624,6.43,85.82811,1334.14883
2008-09,OR,Oregon,IND,industrial,27362,5.37,60.75087,1130.78758
2008-09,PA,Pennsylvania,IND,industrial,27515,6.97,292.52026,4196.35064
2008-09,RI,Rhode Island,IND,industrial,2047,13.82,11.47458,83.0416
2008-09,SC,South Carolina,IND,industrial,4701,5.65,139.82476,2473.13854
2008-09,SD,South Dakota,IND,industrial,3590,5.51,11.22801,203.6241
2008-09,TN,Tennessee,IND,industrial,2053,6.3,181.42716,2878.40865
2008-09,TX,Texas,IND,industrial,159701,8.93,764.98105,8564.72975
2008-09,UT,Utah,IND,industrial,9508,5.09,37.06382,728.21153
2008-09,VT,Vermont,IND,industrial,311,9.26,12.27337,132.53379
2008-09,VA,Virginia,IND,industrial,5338,6.25,95.72037,1531.50845
2008-09,WA,Washington,IND,industrial,30957,4.59,82.11619,1788.67077
2008-09,WV,West Virginia,IND,industrial,12045,4.35,51.60843,1186.44348
2008-09,WI,Wisconsin,IND,industrial,5672,6.84,144.27608,2109.39334
2008-09,WY,Wyoming,IND,industrial,9453,4.51,34.98743,775.70796
2008-09,NEW,New England,IND,industrial,27927,13.64,260.43968,1909.70749
2008-09,MAT,Middle Atlantic,IND,industrial,49550,8.44,543.81219,6444.44977
2008-09,ENC,East North Central,IND,industrial,64433,6.63,1187.46646,17903.84388
2008-09,WNC,West North Central,IND,industrial,117858,5.61,421.72368,7511.76205
2008-09,SAT,South Atlantic,IND,industrial,80617,6.65,843.66935,12688.09367
2008-09,ESC,East South Central,IND,industrial,25319,6.09,668.19191,10968.16359
2008-09,WSC,West South Central,IND,industrial,234359,8.42,1151.0272,13669.7351
2008-09,MTN,Mountain,IND,industrial,85097,6.52,444.64282,6823.42439
2008-09,PACC,Pacific Contiguous,IND,industrial,135900,8.53,644.51901,7553.20382
2008-09,PACN,Pacific Noncontiguous,IND,industrial,2279,25.92,113.5237,437.97146
2008-09,US,U.S. Total,IND,industrial,823339,7.31,6279.016,85910.35521
2008-10,ID,Idaho,IND,industrial,26114,4.46,29.4093,659.35101
2008-10,IL,Illinois,IND,industrial,5967,7.51,289.6151,3854.56246
2008-11,CO,Colorado,IND,industrial,13081,6.4,72.45643,1131.76194
2009-10,PACC,Pacific Contiguous,IND,industrial,124561,8.74,621.29008,7106.97119
2009-10,PACN,Pacific Noncontiguous,IND,industrial,1948,18.6,83.0301,446.30093
2009-10,US,U.S. Total,IND,industrial,731920,6.7,5321.96673,79450.79424
2009-11,KS,Kansas,IND,industrial,22941,5.9,48.06776,814.36705
2009-11,KY,Kentucky,IND,industrial,7129,4.71,181.99212,3863.49757
2009-11,LA,Louisiana,IND,industrial,18348,4.29,96.40222,2249.2092
2009-11,ME,Maine,IND,industrial,2852,9.47,23.5769,249.02373
2009-11,MD,Maryland,IND,industrial,8785,9.4,40.85446,434.82746
2009-11,MA,Massachusetts,IND,industrial,16064,13.61,190.91538,1402.86206
2009-11,MI,Michigan,IND,industrial,12642,6.03,135.88006,2252.93207
2009-11,MN,Minnesota,IND,industrial,8401,5.98,100.16315,1674.17018
2009-11,MS,Mississippi,IND,industrial,6856,6.1,77.93587,1277.63174
2009-11,MO,Missouri,IND,industrial,8921,4.88,62.93879,1290.80887
2016-11,ME,Maine,IND,industrial,2961,9.04,21.39622,236.66278
2019-11,WNC,West North Central,IND,industrial,122543,6.74,519.62506,7709.7825
2019-11,SAT,South Atlantic,IND,industrial,85240,6.4,721.07735,11269.37254
2019-11,ESC,East South Central,IND,industrial,24872,5.83,454.98551,7805.49323
2019-12,UT,Utah,IND,industrial,10682,5.42,42.36804,781.36059
2019-12,VT,Vermont,IND,industrial,242,11.24,13.815,122.88453
2019-12,VA,Virginia,IND,industrial,3697,6.72,86.91363,1293.07017
2019-12,WA,Washington,IND,industrial,27073,4.68,96.69845,2067.90033
2010-07,AL,Alabama,IND,industrial,7053,6.26,182.63197,2915.18792
2010-07,AK,Alaska,IND,industrial,1612,13.27,15.278,115.17317
2010-07,US,U.S. Total,IND,industrial,810800,7.23,6196.85717,85743.80969
2010-11,PA,Pennsylvania,IND,industrial,27296,7.65,272.22209,3556.53259
2010-11,RI,Rhode Island,IND,industrial,1972,11.11,8.73936,78.69436
2010-11,SC,South Carolina,IND,industrial,4489,5.65,130.42185,2307.02716
2010-11,SD,South Dakota,IND,industrial,2949,5.9,11.5867,196.48083
2010-11,TN,Tennessee,IND,industrial,2056,6.66,159.32121,2392.61577
2010-11,TX,Texas,IND,industrial,126267,6.07,496.1881,8178.68889
2010-11,UT,Utah,IND,industrial,9350,4.15,33.31725,802.10358
2010-12,MN,Minnesota,IND,industrial,9250,6.32,121.37902,1920.40882
2010-11,VT,Vermont,IND,industrial,219,9.65,11.35443,117.69343
2010-11,VA,Virginia,IND,industrial,5716,6.6,97.17679,1472.79598
2010-11,WA,Washington,IND,industrial,24106,4.29,92.80678,2165.68678
2010-12,LA,Louisiana,IND,industrial,18020,5.03,117.3419,2333.87604
2010-12,ME,Maine,IND,industrial,2837,10.22,24.31355,237.84416
2010-12,MD,Maryland,IND,industrial,8945,9.71,39.59925,407.71224
2010-12,MA,Massachusetts,IND,industrial,16032,13.59,182.00808,1339.32837
2010-12,MI,Michigan,IND,industrial,12688,6.8,202.30444,2973.217
2020-04,NC,North Carolina,IND,industrial,9792,6.46,114.30721,1768.97016
2020-04,ND,North Dakota,IND,industrial,8942,7.86,63.02709,801.41379
2020-05,IL,Illinois,IND,industrial,5567,6.61,203.33189,3076.57347
2020-05,IN,Indiana,IND,industrial,19382,7.08,222.07488,3137.3378
2020-05,IA,Iowa,IND,industrial,9684,6.27,125.24681,1997.52589
2020-05,KS,Kansas,IND,industrial,24133,7.54,64.4061,854.48116
2020-05,KY,Kentucky,IND,industrial,5982,5.3,114.57271,2160.02873
2020-05,LA,Louisiana,IND,industrial,19275,4.92,143.80808,2921.9287
2020-05,ME,Maine,IND,industrial,2641,8.91,17.49539,196.33362
2020-05,MD,Maryland,IND,industrial,8968,7.76,21.60642,278.52339
2020-05,MA,Massachusetts,IND,industrial,10892,14.44,72.08579,499.11045
2020-05,MI,Michigan,IND,industrial,5651,7.76,129.67127,1671.26129
2020-05,MN,Minnesota,IND,industrial,9216,7.66,105.42056,1376.3469
2020-05,MS,Mississippi,IND,industrial,10677,5.49,65.86441,1200.06277
2020-06,CA,California,IND,industrial,151862,16.01,690.68128,4314.97378
2020-06,CO,Colorado,IND,industrial,15306,7.76,99.4709,1281.1021
2020-06,CT,Connecticut,IND,industrial,4152,12.61,32.05591,254.23721
2010-05,CT,Connecticut,IND,industrial,5029,14.35,41.59323,289.87078
2010-05,DE,Delaware,IND,industrial,1239,9.44,19.12646,202.65829
2010-05,DC,District of Columbia,IND,industrial,1,8.3,1.72228,20.74903
2010-05,FL,Florida,IND,industrial,17763,8.74,135.08032,1546.09835
2010-05,GA,Georgia,IND,industrial,15483,5.88,162.04148,2756.15501
2010-05,HI,Hawaii,IND,industrial,682,22.13,70.08631,316.67637
2010-05,ID,Idaho,IND,industrial,25744,5.19,38.18594,735.20294
2010-05,IL,Illinois,IND,industrial,5963,6.77,250.80747,3704.6768
2010-05,IN,Indiana,IND,industrial,18776,5.74,232.73089,4056.3238
2010-06,AR,Arkansas,IND,industrial,35739,6.01,88.55547,1473.05793
2010-06,CA,California,IND,industrial,75618,10.44,459.80382,4405.36311
2010-06,CO,Colorado,IND,industrial,15178,7.08,93.18493,1316.00394
2010-06,CT,Connecticut,IND,industrial,4779,14.78,49.46427,334.62249
2010-06,DE,Delaware,IND,industrial,1246,9.87,20.96105,212.45857
2015-06,WI,Wisconsin,IND,industrial,5596,8.06,162.72515,2018.35765
2015-06,WY,Wyoming,IND,industrial,10595,6.7,56.50474,843.63836
2015-06,NEW,New England,IND,industrial,26874,12.03,198.9381,1653.34009
2015-06,MAT,Middle Atlantic,IND,industrial,43520,7.2,476.49763,6617.45341
2016-02,MI,Michigan,IND,industrial,6122,6.56,160.50558,2447.43065
2016-02,MS,Mississippi,IND,industrial,11117,5.46,69.41462,1270.9163
2016-02,MO,Missouri,IND,industrial,10238,6.29,71.07333,1129.681
2016-02,MT,Montana,IND,industrial,8293,4.73,17.04929,360.60502
2016-03,NM,New Mexico,IND,industrial,9288,5.86,36.15402,616.5425
2016-03,NY,New York,IND,industrial,7613,5.97,84.01004,1407.4461
2016-03,NC,North Carolina,IND,industrial,10049,5.46,119.0596,2181.41758
2016-03,ND,North Dakota,IND,industrial,8481,7.74,47.8089,617.66633
2015-06,ENC,East North Central,IND,industrial,55163,7.06,1195.06937,16922.12409
2015-07,GA,Georgia,IND,industrial,21195,8.07,232.48977,2879.63653
2015-07,HI,Hawaii,IND,industrial,728,23.46,76.94295,327.99789
2016-11,DC,District of Columbia,IND,industrial,1,8.55,1.08842,12.73328
2016-02,MN,Minnesota,IND,industrial,8988,7.21,119.64378,1658.53507
2016-11,FL,Florida,IND,industrial,21264,7.75,104.82047,1352.79541
2020-09,DE,Delaware,IND,industrial,871,8.84,8.1607,92.32702
2020-09,DC,District of Columbia,IND,industrial,1,7.91,.58148,7.34858
2019-05,US,U.S. Total,IND,industrial,954838,6.69,5667.05147,84661.29301
2020-09,FL,Florida,IND,industrial,22837,7.53,104.50875,1388.3814
2015-05,MI,Michigan,IND,industrial,5992,7.22,197.11392,2730.03408
2015-05,MN,Minnesota,IND,industrial,9896,7.03,121.77674,1732.32761
2015-05,MS,Mississippi,IND,industrial,10936,6.71,81.5417,1215.28538
2015-06,ME,Maine,IND,industrial,3032,8.37,23.58825,281.79053
2016-01,ID,Idaho,IND,industrial,27495,5.67,28.78736,507.90194
2016-01,IL,Illinois,IND,industrial,6059,6.46,222.82282,3449.63267
2016-01,IN,Indiana,IND,industrial,18007,6.63,257.03341,3875.28921
2016-01,IA,Iowa,IND,industrial,7746,5.32,88.16124,1657.51796
2016-02,CO,Colorado,IND,industrial,15649,6.94,80.78172,1164.46926
2016-03,AZ,Arizona,IND,industrial,8001,5.39,67.10812,1245.28949
2016-03,AR,Arkansas,IND,industrial,30380,5.68,72.4849,1276.23586
2016-03,CA,California,IND,industrial,156114,10.24,434.07966,4237.69272
2016-03,CO,Colorado,IND,industrial,15839,6.91,82.03093,1187.32016
2015-05,MO,Missouri,IND,industrial,10229,6.26,91.49745,1461.42731
2015-05,MT,Montana,IND,industrial,9922,5.46,19.24125,352.54203
2015-06,MD,Maryland,IND,industrial,8823,8.5,27.54902,324.08982
2015-06,MA,Massachusetts,IND,industrial,14060,13.42,92.24971,687.28709
2015-06,MI,Michigan,IND,industrial,6065,7.31,198.73189,2719.51317
2016-11,LA,Louisiana,IND,industrial,19175,5.18,153.89388,2970.99942
2015-06,WA,Washington,IND,industrial,29529,4.41,97.09004,2199.23548
2015-06,WV,West Virginia,IND,industrial,12027,6.29,69.15025,1099.20105
2015-07,CT,Connecticut,IND,industrial,4397,12.18,38.06783,312.50281
2015-07,DE,Delaware,IND,industrial,858,7.84,18.22972,232.42426
2015-07,DC,District of Columbia,IND,industrial,1,8.82,1.69018,19.16456
2015-07,FL,Florida,IND,industrial,19613,8.47,125.09824,1476.60958
2015-08,AL,Alabama,IND,industrial,7319,6.53,197.90226,3028.74669
2015-08,AK,Alaska,IND,industrial,1320,14.94,17.34155,116.07827
2020-08,NEW,New England,IND,industrial,22873,13.04,178.56422,1369.58069
2020-08,MAT,Middle Atlantic,IND,industrial,34507,6.42,416.94487,6496.13996
2020-08,ENC,East North Central,IND,industrial,56039,6.83,1091.5403,15992.2942
2018-08,SC,South Carolina,IND,industrial,4369,5.32,138.79922,2609.3463
2019-03,ESC,East South Central,IND,industrial,24748,5.67,469.16425,8267.5857
2019-03,WSC,West South Central,IND,industrial,288312,5.37,875.46477,16309.24925
2019-03,MTN,Mountain,IND,industrial,92729,6.27,416.68129,6642.61207
2020-08,NY,New York,IND,industrial,7527,5.68,81.07812,1427.9974
2020-08,NC,North Carolina,IND,industrial,9880,6.76,147.40336,2180.43465
2020-08,ND,North Dakota,IND,industrial,8980,7.09,62.03539,875.1742
2020-08,OH,Ohio,IND,industrial,19743,6.2,259.5451,4187.30157
2020-08,OK,Oklahoma,IND,industrial,20464,4.88,87.17249,1786.25154
2020-08,OR,Oregon,IND,industrial,26840,5.93,88.62342,1493.40652
2020-08,PA,Pennsylvania,IND,industrial,15421,6.1,271.89742,4460.07067
2020-08,RI,Rhode Island,IND,industrial,1715,16.22,8.69517,53.612
2020-08,SC,South Carolina,IND,industrial,3738,6.24,143.37949,2296.84142
2020-08,SD,South Dakota,IND,industrial,4203,7.99,22.23217,278.2118
2019-05,TX,Texas,IND,industrial,228264,5.14,575.92271,11206.1964
2019-05,UT,Utah,IND,industrial,9948,5.73,43.89776,766.69349
2020-02,ESC,East South Central,IND,industrial,24602,5.49,434.95942,7916.11099
2020-02,WSC,West South Central,IND,industrial,325607,5.08,822.89704,16203.11937
2020-02,MTN,Mountain,IND,industrial,95092,5.82,376.49145,6466.70222
2020-02,PACC,Pacific Contiguous,IND,industrial,189073,8.58,577.2014,6724.65033
2020-02,PACN,Pacific Noncontiguous,IND,industrial,1921,23.83,88.0607,369.54055
2020-02,US,U.S. Total,IND,industrial,956000,6.44,5078.11621,78902.73171
2020-07,ENC,East North Central,IND,industrial,56156,6.99,1100.38125,15741.64132
2020-07,WNC,West North Central,IND,industrial,132698,7.98,647.11196,8104.71797
2020-07,SAT,South Atlantic,IND,industrial,86077,6.7,805.21058,12026.84235
2020-07,ESC,East South Central,IND,industrial,24603,5.74,457.11895,7969.75286
2020-07,WSC,West South Central,IND,industrial,349524,5.18,869.94362,16804.421
2020-07,MTN,Mountain,IND,industrial,100714,6.93,541.46137,7815.19362
2020-07,PACC,Pacific Contiguous,IND,industrial,211198,11.96,965.81402,8074.00876
2020-08,NM,New Mexico,IND,industrial,9382,5.74,47.62344,829.92491
2019-05,SD,South Dakota,IND,industrial,4147,7.76,18.05227,232.56228
2019-05,TN,Tennessee,IND,industrial,1015,5.35,98.98199,1851.32097
2019-06,NH,New Hampshire,IND,industrial,3195,12.59,20.54937,163.17148
2020-02,TX,Texas,IND,industrial,251749,5.26,526.90529,10016.71135
2020-02,UT,Utah,IND,industrial,10923,5.58,40.51354,725.56695
2020-02,VT,Vermont,IND,industrial,252,11.38,12.86302,113.0433
2020-02,VA,Virginia,IND,industrial,3699,6.37,95.14764,1493.88898
2020-08,VT,Vermont,IND,industrial,252,11.3,13.47169,119.23769
2020-08,VA,Virginia,IND,industrial,3725,6.25,95.9401,1534.11293
2020-05,WSC,West South Central,IND,industrial,330761,4.96,764.88815,15434.22043
2020-05,MTN,Mountain,IND,industrial,98880,6.15,418.57438,6804.09945
2020-05,PACC,Pacific Contiguous,IND,industrial,198469,9.72,677.28675,6966.58532
2020-05,PACN,Pacific Noncontiguous,IND,industrial,1965,21.87,77.15575,352.79641
2020-05,US,U.S. Total,IND,industrial,985155,6.54,4858.96527,74273.01032
2020-06,ID,Idaho,IND,industrial,28981,7.06,76.841,1088.81898
2007-07,AL,Alabama,IND,industrial,,5.42,171.90358,3171.36425
2007-07,AK,Alaska,IND,industrial,,12.52,15.23968,121.71737
2007-07,AZ,Arizona,IND,industrial,,6.47,69.95447,1081.87437
2007-07,AR,Arkansas,IND,industrial,,5.64,89.07896,1579.80726
