period,stateid,stateDescription,sectorid,sectorName,customers,price,revenue,sales
2023-12,LA,Louisiana,RES,residential,2138428,11.21,246.20195,2197.19995
2023-12,ME,Maine,RES,residential,739183,27.99,117.71331,420.55284
2023-12,MD,Maryland,RES,residential,2442056,17.46,424.42906,2430.26293
2023-12,MA,Massachusetts,RES,residential,2888760,28.94,464.87064,1606.24774
2023-12,MI,Michigan,RES,residential,4505159,18.7,530.20302,2835.0164
2022-06,PACN,Pacific Noncontiguous,RES,residential,739606,36.61,132.89343,362.98627
2024-01,IN,Indiana,RES,residential,3005342,14,490.21554,3501.96473
2024-01,IA,Iowa,RES,residential,1462375,11.85,188.57519,1591.32125
2024-01,KS,Kansas,RES,residential,1332679,13.04,184.09151,1411.37767
2024-01,KY,Kentucky,RES,residential,2051283,12.51,378.24119,3023.52996
2024-01,LA,Louisiana,RES,residential,2169529,10.82,309.51655,2861.46841
2024-07,MA,Massachusetts,RES,residential,2958379,28.76,593.02694,2062.02961
2024-07,MI,Michigan,RES,residential,4532753,19.71,720.37224,3655.76634
2024-07,MN,Minnesota,RES,residential,2606143,16.34,366.97486,2245.70576
2024-07,MS,Mississippi,RES,residential,1375986,13.03,280.98497,2155.98382
2024-07,MO,Missouri,RES,residential,2894685,14.72,562.98942,3824.31019
2024-07,MT,Montana,RES,residential,559452,13.44,62.40018,464.3804
2024-07,NE,Nebraska,RES,residential,913521,12.28,135.61075,1103.96063
2024-07,NV,Nevada,RES,residential,1311736,13.56,306.25994,2257.74982
2024-07,NH,New Hampshire,RES,residential,650264,21.71,120.04761,552.93593
2024-07,NJ,New Jersey,RES,residential,3726175,20.72,887.22718,4281.4278
2024-07,NM,New Mexico,RES,residential,918601,15.37,129.51763,842.40407
2024-07,AL,Alabama,RES,residential,2407299,14.94,543.21016,3636.58344
2024-07,AK,Alaska,RES,residential,300489,25.65,37.28907,145.35702
2024-07,AZ,Arizona,RES,residential,3093942,14.85,857.94897,5776.73421
2024-07,AR,Arkansas,RES,residential,1485484,12.4,258.23077,2081.94174
2024-07,CA,California,RES,residential,14378303,32.55,3263.61011,10026.11346
2024-07,CO,Colorado,RES,residential,2496728,15.47,350.28027,2263.83999
2024-07,CT,Connecticut,RES,residential,1550609,27.97,421.46339,1506.71934
2024-07,DE,Delaware,RES,residential,470302,15.49,92.35612,596.04979
2024-07,DC,District of Columbia,RES,residential,318839,17.07,50.57189,296.26059
2024-07,FL,Florida,RES,residential,10407926,13.75,2085.68519,15171.88304
2024-07,GA,Georgia,RES,residential,4827323,15.21,1061.74912,6982.84069
2024-07,HI,Hawaii,RES,residential,446321,42.67,97.52831,228.54911
2024-07,ID,Idaho,RES,residential,864502,12.24,115.84039,946.69066
2024-07,IL,Illinois,RES,residential,5370089,15.31,780.1926,5094.94349
2024-07,IN,Indiana,RES,residential,3003998,14.8,512.94906,3466.54285
2024-07,IA,Iowa,RES,residential,1467681,14.94,218.45639,1462.69777
2024-07,KS,Kansas,RES,residential,1346946,14.97,246.8287,1649.35657
2024-07,KY,Kentucky,RES,residential,2041469,12.47,359.15792,2880.19708
2024-07,LA,Louisiana,RES,residential,2184349,11.5,416.05535,3618.60869
2024-07,ME,Maine,RES,residential,753942,22.6,93.86868,415.35578
2024-07,MD,Maryland,RES,residential,2449090,17.25,535.30922,3102.87381
2022-09,NE,Nebraska,RES,residential,880941,12.02,102.33673,851.36451
2022-09,NV,Nevada,RES,residential,1272927,13.77,210.40723,1527.72291
2022-09,NH,New Hampshire,RES,residential,644087,32.26,116.40482,360.78181
2022-09,NJ,New Jersey,RES,residential,3684170,16.59,400.99737,2417.13795
2022-09,NY,New York,RES,residential,7336278,23.95,1166.84,4871.89367
2022-09,NC,North Carolina,RES,residential,4879131,12.64,608.84454,4817.81107
2022-09,ND,North Dakota,RES,residential,393118,13.06,40.55454,310.5769
2022-09,OH,Ohio,RES,residential,5073798,14.94,596.47536,3992.805
2022-09,OK,Oklahoma,RES,residential,1844629,14.2,311.16298,2191.69105
2022-09,OR,Oregon,RES,residential,1830145,11.78,158.48671,1345.16416
2024-04,NEW,New England,RES,residential,6612006,27.29,956.91119,3506.85155
2024-04,MAT,Middle Atlantic,RES,residential,16692158,20.18,1837.26449,9104.67391
2024-04,ENC,East North Central,RES,residential,20936161,17,2083.4855,12257.66271
2024-04,WNC,West North Central,RES,residential,10027045,13.3,949.02022,7137.15267
2024-04,SAT,South Atlantic,RES,residential,30544182,14.98,3673.07999,24513.13648
2024-04,ESC,East South Central,RES,residential,8884241,13.89,1046.45874,7535.05292
2024-04,WSC,West South Central,RES,residential,17822525,14.21,1968.7966,13852.41339
2024-04,MTN,Mountain,RES,residential,10711015,14.19,987.0861,6958.64504
2024-04,PACC,Pacific Contiguous,RES,residential,19290774,24.5,2426.3807,9901.59534
2024-04,PACN,Pacific Noncontiguous,RES,residential,745650,35.94,129.00727,358.96203
2024-04,US,U.S. Total,RES,residential,142265757,16.88,16057.49078,95126.14604
2024-04,OK,Oklahoma,RES,residential,1889113,12.46,171.64751,1378.12656
2024-04,OR,Oregon,RES,residential,1870024,14.6,211.367,1447.60226
2023-03,PACC,Pacific Contiguous,RES,residential,19696684,21.13,2683.8432,12703.94522
2023-03,PACN,Pacific Noncontiguous,RES,residential,741659,34.25,141.23636,412.37796
2023-03,US,U.S. Total,RES,residential,141448955,16.04,17716.08355,110416.92317
2023-12,AL,Alabama,RES,residential,2354106,14.16,376.87637,2662.00839
2023-12,AK,Alaska,RES,residential,296928,24.22,51.23789,211.54365
2023-12,AZ,Arizona,RES,residential,3102198,14.42,348.17475,2415.12641
2023-12,AR,Arkansas,RES,residential,1466787,11.54,171.93562,1489.3931
2023-12,CA,California,RES,residential,14151928,29.12,1906.13599,6546.37466
2023-12,CO,Colorado,RES,residential,2534432,14.18,244.76267,1726.25364
2023-12,CT,Connecticut,RES,residential,1545245,26.89,311.90239,1159.97818
2023-12,DE,Delaware,RES,residential,471241,16.3,69.93089,429.09562
2023-12,DC,District of Columbia,RES,residential,315506,17.82,33.3355,187.07923
2023-12,FL,Florida,RES,residential,10299290,15.2,1384.47308,9107.45719
2023-12,GA,Georgia,RES,residential,4739898,12.72,632.07424,4968.88132
2023-12,HI,Hawaii,RES,residential,446136,41.6,100.00768,240.42274
2023-12,ID,Idaho,RES,residential,856101,11.53,116.21006,1008.20369
2023-12,IL,Illinois,RES,residential,5419207,14.84,534.82634,3604.64755
2023-12,IN,Indiana,RES,residential,3037338,14.58,398.52575,2733.2446
2023-12,IA,Iowa,RES,residential,1443740,11.95,159.78164,1336.61746
2023-12,KS,Kansas,RES,residential,1314048,12.72,131.15282,1031.08232
2023-12,KY,Kentucky,RES,residential,2068573,12.34,272.21286,2205.13406
2009-10,NM,New Mexico,RES,residential,847050,10.36,46.9517,453.37758
2009-10,NY,New York,RES,residential,6924438,18.17,658.27749,3623.61264
2009-10,NC,North Carolina,RES,residential,4184137,10.64,388.17091,3649.11635
2009-10,ND,North Dakota,RES,residential,324219,7.85,25.22452,321.28838
2009-10,OH,Ohio,RES,residential,4870216,10.83,380.72383,3514.87319
2009-10,OK,Oklahoma,RES,residential,1647480,10.01,132.87364,1326.89874
2009-10,OR,Oregon,RES,residential,1626462,8.85,121.92246,1378.36804
2009-10,PA,Pennsylvania,RES,residential,5235757,11.89,432.76633,3638.69304
2009-10,RI,Rhode Island,RES,residential,429369,15.13,34.20483,226.11453
2009-10,SC,South Carolina,RES,residential,2088513,10.95,213.25891,1948.13863
2009-10,SD,South Dakota,RES,residential,370236,9.01,27.82946,309.01156
2009-10,TN,Tennessee,RES,residential,2693810,9.25,250.16985,2704.05968
2009-10,TX,Texas,RES,residential,9500336,11.97,1119.17935,9348.50812
2009-10,UT,Utah,RES,residential,934051,8.35,52.24645,625.49588
2009-10,VT,Vermont,RES,residential,307878,15.37,25.34773,164.93561
2009-10,VA,Virginia,RES,residential,3194227,10.84,299.70423,2765.48291
2009-10,WA,Washington,RES,residential,2825285,7.73,187.00032,2418.75928
2009-10,WV,West Virginia,RES,residential,865462,8.3,64.79754,780.94686
2009-10,WI,Wisconsin,RES,residential,2590451,12,188.29557,1569.78414
2009-10,WY,Wyoming,RES,residential,256627,8.98,17.72533,197.30003
2009-10,NEW,New England,RES,residential,6158728,17.17,588.9236,3429.82907
2019-12,DE,Delaware,RES,residential,442249,12.16,53.02363,436.17361
2019-12,DC,District of Columbia,RES,residential,285498,12.38,24.15254,195.04405
2008-08,WI,Wisconsin,RES,residential,2581605,12.02,236.64106,1969.4749
2008-08,WY,Wyoming,RES,residential,253236,8.77,17.63777,201.13199
2008-08,NEW,New England,RES,residential,6138889,18.33,746.61146,4072.33881
2008-08,MAT,Middle Atlantic,RES,residential,15557349,16.87,2136.69997,12666.80246
2019-09,ID,Idaho,RES,residential,767644,9.86,55.23179,560.3471
2009-10,WSC,West South Central,RES,residential,14419078,10.87,1559.04832,14339.81656
2009-10,MTN,Mountain,RES,residential,8876482,10.47,705.93177,6743.03111
2010-10,MTN,Mountain,RES,residential,8926654,10.44,699.74587,6704.22477
2010-10,PACC,Pacific Contiguous,RES,residential,17596772,12.32,1349.31825,10951.78142
2010-10,PACN,Pacific Noncontiguous,RES,residential,688353,23.61,99.29715,420.64908
2010-10,US,U.S. Total,RES,residential,126056303,11.86,11471.21261,96688.03347
2010-11,MS,Mississippi,RES,residential,1255943,10.25,116.13822,1132.88821
2010-11,MO,Missouri,RES,residential,2696021,9.06,200.1947,2209.26204
2010-11,MT,Montana,RES,residential,468612,9.39,36.2231,385.65355
2008-08,ENC,East North Central,RES,residential,19558828,10.93,1969.90969,18019.57721
2008-08,WNC,West North Central,RES,residential,9115328,9.67,971.06084,10045.90898
2008-08,SAT,South Atlantic,RES,residential,25587687,11.34,3968.50391,34986.04287
2008-08,ESC,East South Central,RES,residential,7984530,9.73,1203.24189,12372.07857
2008-08,WSC,West South Central,RES,residential,14336557,12.83,2910.20562,22688.12246
2008-08,MTN,Mountain,RES,residential,8888187,10.52,1104.70361,10504.3504
2008-08,PACC,Pacific Contiguous,RES,residential,17373071,12.63,1603.29832,12690.01198
2008-08,PACN,Pacific Noncontiguous,RES,residential,679321,29.42,121.97877,414.68266
2008-08,US,U.S. Total,RES,residential,125219747,12.09,16736.21408,138459.9164
2008-09,ND,North Dakota,RES,residential,319630,8.58,22.08596,257.34503
2009-10,ENC,East North Central,RES,residential,19507070,11.21,1431.57299,12767.25441
2009-10,WNC,West North Central,RES,residential,9015070,9.27,634.91749,6852.09233
2009-10,SAT,South Atlantic,RES,residential,25644187,11.58,2949.77262,25467.17463
2009-10,ESC,East South Central,RES,residential,7997104,9.58,762.89452,7962.112
2009-10,MAT,Middle Atlantic,RES,residential,15621791,15.15,1386.48757,9153.51306
2008-03,MA,Massachusetts,RES,residential,2659795,16.79,288.50327,1718.59978
2008-03,MI,Michigan,RES,residential,4294473,10.26,300.052,2924.40092
2008-03,MN,Minnesota,RES,residential,2279063,9.17,181.91122,1983.57171
2008-03,MS,Mississippi,RES,residential,1235400,9.54,123.65423,1295.85718
2008-03,MO,Missouri,RES,residential,2675991,6.94,210.64388,3036.24253
2008-03,MT,Montana,RES,residential,463220,8.8,37.09006,421.30298
2008-03,NE,Nebraska,RES,residential,794775,7.15,59.7533,836.23396
2008-03,NV,Nevada,RES,residential,1052787,12.54,87.1293,694.69469
2008-03,NH,New Hampshire,RES,residential,592297,14.85,57.26597,385.54654
2008-03,NJ,New Jersey,RES,residential,3405698,13.83,294.21069,2126.70482
2008-03,NM,New Mexico,RES,residential,839727,9.09,44.23732,486.50013
2008-03,NY,New York,RES,residential,6889122,16.93,669.41216,3953.30261
2008-03,NC,North Carolina,RES,residential,4131469,9.17,373.79943,4074.85482
2008-03,ND,North Dakota,RES,residential,317298,6.96,30.14816,433.14344
2008-03,OH,Ohio,RES,residential,4904091,9.22,447.32141,4850.75244
2008-03,OK,Oklahoma,RES,residential,1629724,8.18,126.82932,1550.93508
2008-03,OR,Oregon,RES,residential,1614728,8.52,156.90286,1841.56612
2008-03,PA,Pennsylvania,RES,residential,5231805,10.72,523.79148,4887.10413
2008-03,RI,Rhode Island,RES,residential,433380,16.87,43.05226,255.22189
2008-03,SC,South Carolina,RES,residential,2059470,9.34,194.07951,2078.63147
2010-05,KY,Kentucky,RES,residential,1927715,8.77,154.72783,1764.66091
2010-05,LA,Louisiana,RES,residential,1953192,9.05,188.01018,2078.27813
2010-05,ME,Maine,RES,residential,699140,15.72,48.95864,311.36858
2010-05,MD,Maryland,RES,residential,2198496,14.47,271.94073,1879.05917
2010-06,DC,District of Columbia,RES,residential,226548,14.74,29.56061,200.57391
2010-06,FL,Florida,RES,residential,8564447,11.65,1363.62184,11701.11225
2010-11,WV,West Virginia,RES,residential,869426,9.19,85.91863,934.47423
2010-11,WI,Wisconsin,RES,residential,2590047,12.7,210.49377,1657.58948
2010-11,WY,Wyoming,RES,residential,256972,8.92,19.88921,222.984
2010-12,MT,Montana,RES,residential,470355,8.95,47.89035,535.03179
2019-09,GA,Georgia,RES,residential,4426033,11.98,723.29322,6039.13002
2019-09,HI,Hawaii,RES,residential,438750,31.17,79.81499,256.03553
2019-11,CT,Connecticut,RES,residential,1513745,21.64,183.58434,848.38815
2019-11,DE,Delaware,RES,residential,441497,13.15,44.32735,337.1518
2019-11,DC,District of Columbia,RES,residential,285101,13.77,23.17006,168.21081
2019-12,CA,California,RES,residential,14064486,19.15,1498.72779,7825.59316
2019-12,CO,Colorado,RES,residential,2387534,11.52,192.89425,1674.54574
2019-12,CT,Connecticut,RES,residential,1515286,20.3,266.32517,1311.64011
2008-08,RI,Rhode Island,RES,residential,432980,18.12,52.66313,290.68904
2008-08,SC,South Carolina,RES,residential,2075609,10.31,328.11906,3183.09482
2008-08,SD,South Dakota,RES,residential,366140,8.83,32.74077,370.65419
2008-08,TN,Tennessee,RES,residential,2694371,8.87,378.73195,4271.06755
2008-08,TX,Texas,RES,residential,9460894,13.84,2072.25295,14971.42047
2008-08,UT,Utah,RES,residential,926188,8.86,84.79011,957.23483
2008-08,VT,Vermont,RES,residential,307044,14.55,25.87827,177.91784
2008-08,VA,Virginia,RES,residential,3172671,10.82,452.72672,4183.85683
2008-08,WA,Washington,RES,residential,2800848,7.71,181.5665,2355.01031
2008-08,WV,West Virginia,RES,residential,862783,7.52,67.20179,893.25077
2008-09,MS,Mississippi,RES,residential,1240556,10.95,190.14334,1736.1587
2008-09,MO,Missouri,RES,residential,2682353,8.45,223.63091,2646.98054
2008-09,MT,Montana,RES,residential,458651,9.78,30.51317,311.9278
2008-09,NE,Nebraska,RES,residential,795683,9.36,62.6597,669.27169
2008-09,NV,Nevada,RES,residential,1056666,11.29,140.99617,1249.20279
2008-09,NH,New Hampshire,RES,residential,595470,16.26,53.9547,331.86457
2008-09,NJ,New Jersey,RES,residential,3417672,16.84,422.9331,2512.05386
2008-09,NM,New Mexico,RES,residential,843164,10.66,56.36223,528.93278
2008-09,NY,New York,RES,residential,6899495,19.5,833.35939,4274.67092
2008-09,NC,North Carolina,RES,residential,4158146,10.02,474.87593,4737.02044
2008-08,NY,New York,RES,residential,6900228,20.93,1041.00635,4972.70966
2008-08,NC,North Carolina,RES,residential,4157034,9.84,561.44171,5706.74042
2008-10,CA,California,RES,residential,13351774,13.09,1004.43605,7675.6617
2008-10,CO,Colorado,RES,residential,2176775,10.32,133.26454,1291.16544
2008-11,AK,Alaska,RES,residential,268983,16.55,31.80099,192.11627
2008-10,CT,Connecticut,RES,residential,1451864,20.74,172.83813,833.22157
2008-10,DE,Delaware,RES,residential,392205,14.88,42.82126,287.72795
2008-10,DC,District of Columbia,RES,residential,218643,14.14,16.94787,119.86693
2008-10,FL,Florida,RES,residential,8403986,12.09,1153.32024,9539.71015
2008-10,GA,Georgia,RES,residential,4037700,10.22,376.89956,3688.29653
2008-11,AZ,Arizona,RES,residential,2534117,9.55,183.31778,1920.17404
2008-11,AR,Arkansas,RES,residential,1310408,9.42,101.15163,1073.62153
2008-11,CA,California,RES,residential,12308385,14.22,849.13025,5969.99237
2008-12,AL,Alabama,RES,residential,2121653,10.19,287.33435,2820.58247
2009-10,MN,Minnesota,RES,residential,2296546,10.17,164.6433,1618.33467
2009-10,MS,Mississippi,RES,residential,1245617,10.33,145.2962,1406.18584
2009-10,MO,Missouri,RES,residential,2686279,8.54,185.8866,2177.54299
2009-10,MT,Montana,RES,residential,466538,9.15,31.91236,348.62734
2009-10,NE,Nebraska,RES,residential,802715,8.64,54.7663,634.16037
2009-10,NV,Nevada,RES,residential,1054449,13.52,99.17708,733.29771
2009-10,NH,New Hampshire,RES,residential,593824,16.46,54.54114,331.29973
2009-10,NJ,New Jersey,RES,residential,3461596,15.62,295.44375,1891.20738
2008-08,NH,New Hampshire,RES,residential,597127,16.02,62.58479,390.71272
2008-08,NJ,New Jersey,RES,residential,3428145,17.75,542.37901,3056.21178
2008-08,NM,New Mexico,RES,residential,842345,11.21,72.3951,645.83874
2008-09,ID,Idaho,RES,residential,655938,7.3,37.72428,516.85139
2008-09,IL,Illinois,RES,residential,5087778,11.63,398.8729,3430.71745
2008-09,IN,Indiana,RES,residential,2730649,9.39,240.13038,2558.34213
2008-09,IA,Iowa,RES,residential,1325366,10.34,98.57937,953.14813
2008-09,KS,Kansas,RES,residential,1256213,9.25,94.39872,1020.93152
2008-09,KY,Kentucky,RES,residential,1931671,7.96,175.31813,2201.79305
2008-09,LA,Louisiana,RES,residential,1921349,11.27,309.80698,2748.80271
2008-09,ME,Maine,RES,residential,696244,16.43,54.17424,329.64709
2008-09,MD,Maryland,RES,residential,2178667,14.47,304.68275,2105.33766
2008-09,MA,Massachusetts,RES,residential,2645764,17.95,283.797,1581.23342
2008-09,MI,Michigan,RES,residential,4274098,10.93,287.27867,2628.61785
2008-09,MN,Minnesota,RES,residential,2284308,10.22,158.76219,1553.77082
2010-07,TN,Tennessee,RES,residential,2710814,9.59,457.72771,4771.42059
2010-07,TX,Texas,RES,residential,9613587,11.71,1790.21494,15285.6072
2010-07,UT,Utah,RES,residential,935800,9.45,100.28832,1060.92441
2010-07,VT,Vermont,RES,residential,308200,15.41,30.5503,198.23185
2010-07,VA,Virginia,RES,residential,3306395,10.83,551.97653,5094.79962
2010-07,WA,Washington,RES,residential,2824844,8.23,198.44532,2411.07898
2010-10,WNC,West North Central,RES,residential,9039240,10,640.88054,6406.60092
2010-10,SAT,South Atlantic,RES,residential,25840609,11.22,2762.25351,24615.66333
2010-10,ESC,East South Central,RES,residential,8038729,10.48,838.74516,8003.30084
2010-10,OH,Ohio,RES,residential,4863408,11.49,382.88163,3330.98041
2010-10,OK,Oklahoma,RES,residential,1668251,10.02,140.8074,1405.80099
2010-11,HI,Hawaii,RES,residential,415801,28.91,71.30214,246.63161
2010-11,ID,Idaho,RES,residential,666591,7.87,57.4607,729.98411
2010-11,IL,Illinois,RES,residential,5062616,11.98,371.07616,3098.57206
2010-11,IN,Indiana,RES,residential,2740309,10.3,240.57218,2335.17007
2010-12,AR,Arkansas,RES,residential,1321330,8.28,126.2556,1525.70159
2010-07,WV,West Virginia,RES,residential,866388,8.94,97.01145,1084.82891
2010-07,WI,Wisconsin,RES,residential,2597677,12.85,299.81212,2332.58099
2010-07,WY,Wyoming,RES,residential,257884,9.44,18.50057,196.06954
2010-10,WSC,West South Central,RES,residential,14609635,10.88,1628.70782,14973.06296
2010-12,HI,Hawaii,RES,residential,416149,29.15,74.75025,256.45391
2010-12,ID,Idaho,RES,residential,667496,7.76,72.75935,937.48111
2010-10,NE,Nebraska,RES,residential,802102,9.1,51.79073,569.41963
2010-10,NV,Nevada,RES,residential,1060887,12.18,97.02961,796.68189
2010-10,NH,New Hampshire,RES,residential,599574,17.06,55.80775,327.16032
2010-10,NJ,New Jersey,RES,residential,3452265,16.34,311.32937,1905.15251
2010-10,NM,New Mexico,RES,residential,854576,10.63,51.54911,485.07573
2010-10,NY,New York,RES,residential,6968302,18.36,685.78357,3734.31173
2010-10,NC,North Carolina,RES,residential,4204202,10.64,395.48899,3716.20684
2010-10,ND,North Dakota,RES,residential,328054,8.99,24.57875,273.49958
2008-10,AK,Alaska,RES,residential,270742,16.64,27.82361,167.16525
2008-10,AZ,Arizona,RES,residential,2525689,10.46,272.18091,2602.96587
2008-10,AR,Arkansas,RES,residential,1311425,9.74,113.24029,1162.18876
2008-11,AL,Alabama,RES,residential,2114847,11.01,226.92139,2061.275
2010-11,NE,Nebraska,RES,residential,801794,8.87,57.62594,649.88887
2010-12,DE,Delaware,RES,residential,396961,13.65,54.35694,398.20631
2010-12,DC,District of Columbia,RES,residential,229241,13.48,26.86968,199.32939
2010-12,FL,Florida,RES,residential,8590460,11.68,1099.1567,9408.30184
2010-12,GA,Georgia,RES,residential,4047328,9.29,496.79948,5348.24724
2010-05,IA,Iowa,RES,residential,1326529,11.11,107.90555,971.57961
2010-05,KS,Kansas,RES,residential,1216492,10.38,90.58893,872.85691
2008-03,CT,Connecticut,RES,residential,1453327,18.63,212.34865,1140.03633
2008-03,DE,Delaware,RES,residential,391806,12.96,48.61122,374.96803
2008-03,DC,District of Columbia,RES,residential,215616,11.08,16.01696,144.57806
2008-03,FL,Florida,RES,residential,8442282,11.16,856.29506,7674.27325
2008-03,GA,Georgia,RES,residential,4028445,9.14,350.23298,3831.95517
2008-03,HI,Hawaii,RES,residential,409534,29.92,77.52263,259.06314
2008-03,ID,Idaho,RES,residential,652632,6.67,50.25379,753.44614
2008-03,IL,Illinois,RES,residential,5125499,10.43,371.78095,3563.22332
2008-03,IN,Indiana,RES,residential,2738258,7.91,231.8711,2930.27635
2008-03,IA,Iowa,RES,residential,1327241,8.88,110.62599,1245.5103
2008-03,KS,Kansas,RES,residential,1252559,8.48,80.77492,952.19522
2008-03,KY,Kentucky,RES,residential,1927688,7.34,173.2139,2361.21531
2008-03,LA,Louisiana,RES,residential,1913554,9.44,179.93376,1906.04738
2008-03,ME,Maine,RES,residential,694807,16.38,63.03413,384.85866
2008-03,MD,Maryland,RES,residential,2179012,12.88,300.39333,2332.49468
2009-10,IL,Illinois,RES,residential,5053930,11.42,352.43501,3087.17874
2009-10,IN,Indiana,RES,residential,2732018,9.75,212.50776,2180.12233
2009-10,IA,Iowa,RES,residential,1326900,9.92,94.6461,954.44936
2009-10,KS,Kansas,RES,residential,1208175,9.78,81.92122,837.305
2009-10,KY,Kentucky,RES,residential,1927484,8.48,146.55827,1727.8182
2009-10,LA,Louisiana,RES,residential,1953440,7.95,198.8811,2500.83959
2009-10,ME,Maine,RES,residential,697013,15.57,54.95257,352.91489
2009-10,MD,Maryland,RES,residential,2189177,14.86,270.00384,1816.44288
2009-10,MA,Massachusetts,RES,residential,2684326,16.11,232.81373,1445.34576
2009-10,MI,Michigan,RES,residential,4260455,12.32,297.61081,2415.29601
2009-11,CO,Colorado,RES,residential,2115947,10.39,142.32253,1369.80945
2009-11,CT,Connecticut,RES,residential,1447688,20.48,180.0051,878.94318
2009-11,DE,Delaware,RES,residential,393832,14.5,39.54628,272.80192
2009-11,DC,District of Columbia,RES,residential,224988,12.99,16.3695,125.96943
2009-11,FL,Florida,RES,residential,8655641,12.49,1071.57163,8581.39218
2009-11,GA,Georgia,RES,residential,4062652,9.68,321.78738,3323.43336
2009-11,HI,Hawaii,RES,residential,413296,26.23,67.01044,255.49891
2009-11,ID,Idaho,RES,residential,661264,7.87,58.78176,746.60058
2009-11,IL,Illinois,RES,residential,5074562,11.11,358.04713,3221.55699
2009-11,IN,Indiana,RES,residential,2732445,9.31,215.56903,2316.45196
2009-11,IA,Iowa,RES,residential,1323700,9.63,98.88998,1026.94591
2009-12,AK,Alaska,RES,residential,270456,16.27,36.1387,222.13407
2009-12,AZ,Arizona,RES,residential,2563532,9.7,221.49381,2284.52325
2009-12,AR,Arkansas,RES,residential,1317936,8.64,125.14168,1448.3852
2009-12,CA,California,RES,residential,13352574,14.73,1187.50588,8064.31888
2009-12,CO,Colorado,RES,residential,2118365,10.2,171.79301,1684.83867
2008-08,LA,Louisiana,RES,residential,1927138,11.8,391.22398,3315.54876
2008-08,ME,Maine,RES,residential,696160,16.3,60.3997,370.55404
2008-08,MD,Maryland,RES,residential,2178072,14.58,366.09417,2510.14374
2008-08,MA,Massachusetts,RES,residential,2652619,18.08,326.25355,1804.41298
2008-08,MI,Michigan,RES,residential,4272725,11.74,376.96272,3210.24356
2008-08,MN,Minnesota,RES,residential,2284259,10.45,201.80011,1931.71368
2008-08,MS,Mississippi,RES,residential,1241943,11.32,230.18346,2034.0036
2008-08,MO,Missouri,RES,residential,2762328,9.17,333.52457,3636.25108
2008-08,MT,Montana,RES,residential,458880,9.89,35.91395,363.11262
2008-08,NE,Nebraska,RES,residential,796106,9.16,86.61652,945.91638
2008-09,DE,Delaware,RES,residential,392335,14.7,56.63377,385.29146
2008-09,DC,District of Columbia,RES,residential,217338,13.96,21.35774,152.98833
2008-09,FL,Florida,RES,residential,8548584,12.08,1438.53714,11907.87505
2008-09,GA,Georgia,RES,residential,4040764,10.6,535.59885,5050.59747
2008-09,HI,Hawaii,RES,residential,410576,36.94,93.85178,254.05747
2008-10,AL,Alabama,RES,residential,2115012,11.57,244.82515,2115.71336
2009-09,PA,Pennsylvania,RES,residential,5233598,11.94,449.22728,3762.30426
2009-09,RI,Rhode Island,RES,residential,434447,16.38,34.59205,211.12139
2010-04,AK,Alaska,RES,residential,271117,16.3,26.8095,164.50767
2010-04,AZ,Arizona,RES,residential,2555702,10.24,186.49674,1821.23429
2010-04,AR,Arkansas,RES,residential,1317064,9.34,101.72443,1088.99686
2010-04,CA,California,RES,residential,13184815,13.91,894.33962,6429.30793
2010-04,CO,Colorado,RES,residential,2124978,11.19,142.93823,1277.61236
2010-04,CT,Connecticut,RES,residential,1454349,19.68,175.59904,892.32839
2010-04,DE,Delaware,RES,residential,395170,14.22,41.8525,294.39693
2010-04,DC,District of Columbia,RES,residential,227734,13.73,15.25437,111.08496
2010-04,FL,Florida,RES,residential,8504349,11.63,834.39771,7175.03391
2010-04,GA,Georgia,RES,residential,4032874,9.89,342.57974,3465.56741
2010-12,KS,Kansas,RES,residential,1163174,9.43,114.58455,1214.8299
2010-12,KY,Kentucky,RES,residential,1929329,8.51,259.13633,3045.34553
2010-01,WSC,West South Central,RES,residential,14335287,10.06,2090.91826,20791.3196
2010-01,MTN,Mountain,RES,residential,8908423,9.51,797.95753,8395.17578
2010-01,PACC,Pacific Contiguous,RES,residential,17028517,11.92,1651.17961,13853.17123
2010-01,PACN,Pacific Noncontiguous,RES,residential,683663,21.65,105.80963,488.64418
2010-01,US,U.S. Total,RES,residential,124906507,10.49,15475.10693,147499.8756
2010-04,HI,Hawaii,RES,residential,414327,27.14,65.15561,240.0305
2010-04,ID,Idaho,RES,residential,663730,7.86,48.83416,620.94363
2010-05,AL,Alabama,RES,residential,2128963,10.99,253.89817,2310.79816
2010-05,AK,Alaska,RES,residential,271699,16.79,25.55578,152.24949
2010-05,AZ,Arizona,RES,residential,2547743,11.75,264.10716,2248.05118
2010-05,AR,Arkansas,RES,residential,1316264,9.41,102.11258,1085.03178
2010-05,CA,California,RES,residential,12871225,14.9,873.64725,5861.58589
2010-06,AL,Alabama,RES,residential,2142780,10.81,358.66285,3316.6658
2010-06,AK,Alaska,RES,residential,272737,16.64,23.4083,140.69822
2010-06,AZ,Arizona,RES,residential,2545038,11.74,393.96392,3355.80739
2010-07,SAT,South Atlantic,RES,residential,25921257,11.38,4578.69952,40217.92116
2010-07,ESC,East South Central,RES,residential,8053204,9.87,1370.28785,13886.73042
2010-07,WSC,West South Central,RES,residential,14591450,10.83,2568.02201,23719.19344
2010-07,MTN,Mountain,RES,residential,8912544,11.28,1240.18452,10998.72115
2010-07,PACC,Pacific Contiguous,RES,residential,17444418,12.95,1547.14889,11948.53602
2010-07,PACN,Pacific Noncontiguous,RES,residential,686782,24.11,98.65447,409.25794
2010-11,ND,North Dakota,RES,residential,328629,8.13,31.11599,382.80767
2010-11,OH,Ohio,RES,residential,4875214,11.48,422.26671,3679.78352
2010-11,OK,Oklahoma,RES,residential,1667294,9.32,120.45887,1291.8815
2009-09,SC,South Carolina,RES,residential,2087335,10.43,262.92404,2521.03629
2009-09,SD,South Dakota,RES,residential,367057,9.31,27.91526,299.8079
2009-09,TN,Tennessee,RES,residential,2698637,9.16,322.09597,3518.04239
2009-09,TX,Texas,RES,residential,9530199,12.05,1510.6547,12531.66822
2009-09,UT,Utah,RES,residential,933200,8.85,67.96702,768.31516
2009-09,VT,Vermont,RES,residential,307981,15.2,23.70367,155.97058
2009-09,VA,Virginia,RES,residential,3192262,11.11,363.43947,3270.68051
2009-09,WA,Washington,RES,residential,2811650,7.83,174.36962,2226.51412
2009-09,WV,West Virginia,RES,residential,865311,7.98,59.96177,751.15683
2009-09,WI,Wisconsin,RES,residential,2588852,12.39,187.29277,1511.18726
2009-09,WY,Wyoming,RES,residential,255593,9.22,16.20498,175.73125
2009-09,NEW,New England,RES,residential,6139822,17.73,652.44558,3679.1788
2009-09,MAT,Middle Atlantic,RES,residential,15611743,15.79,1612.27623,10209.05744
2009-09,ENC,East North Central,RES,residential,19360778,11.44,1555.03777,13589.50565
2009-09,WNC,West North Central,RES,residential,9000096,9.85,717.3499,7284.06577
2009-09,SAT,South Atlantic,RES,residential,25670925,11.6,3486.66284,30047.04501
2009-09,ESC,East South Central,RES,residential,8001651,9.65,966.35182,10014.52935
2009-09,WSC,West South Central,RES,residential,14449009,10.99,2051.60989,18668.55895
2009-09,MTN,Mountain,RES,residential,8860792,10.79,945.42683,8758.25078
2009-09,PACC,Pacific Contiguous,RES,residential,17355913,13.51,1689.52818,12505.52325
2009-09,PACN,Pacific Noncontiguous,RES,residential,684583,22.56,91.96398,407.66672
2009-09,US,U.S. Total,RES,residential,125135312,11.96,13768.65302,115163.38169
2009-10,DE,Delaware,RES,residential,393719,14.7,40.49242,275.54345
2009-10,DC,District of Columbia,RES,residential,223070,14.28,16.00024,112.05687
2009-10,FL,Florida,RES,residential,8441810,12.34,1274.49533,10332.03672
2009-10,GA,Georgia,RES,residential,4064072,10.11,382.8492,3787.40997
2009-10,HI,Hawaii,RES,residential,413385,26.45,71.92562,271.95357
2009-10,ID,Idaho,RES,residential,661532,8.17,49.13051,601.11033
2009-11,AZ,Arizona,RES,residential,2549653,9.86,185.69672,1883.89408
2009-11,AR,Arkansas,RES,residential,1316993,9.1,94.64192,1040.40718
2009-11,CA,California,RES,residential,12495014,13.56,830.21426,6122.28539
2009-12,AL,Alabama,RES,residential,2132487,9.82,276.74884,2818.68492
2010-01,MAT,Middle Atlantic,RES,residential,15622980,14.43,1915.19376,13274.57855
2010-01,ENC,East North Central,RES,residential,19551184,10.22,2072.97579,20274.87583
2010-01,WNC,West North Central,RES,residential,9015152,8.09,968.98221,11984.98982
2010-01,SAT,South Atlantic,RES,residential,25613788,9.81,3891.29506,39678.4647
2010-01,ESC,East South Central,RES,residential,7986716,8.59,1202.4344,13991.26818
2010-04,AL,Alabama,RES,residential,2127884,11.19,212.91442,1902.07524
2010-07,NEW,New England,RES,residential,6192626,15.92,810.13866,5088.85235
2010-07,MAT,Middle Atlantic,RES,residential,15649695,16.91,2572.93748,15212.18823
2010-07,ENC,East North Central,RES,residential,19508408,11.86,2603.39104,21943.21164
2010-07,WNC,West North Central,RES,residential,9050697,10.92,1230.0302,11264.1014
2010-11,NV,Nevada,RES,residential,1059595,12.6,74.85005,594.1247
2010-11,NH,New Hampshire,RES,residential,596293,16.89,54.76846,324.35241
2010-11,NJ,New Jersey,RES,residential,3455448,16.28,307.19729,1887.49125
2010-11,NM,New Mexico,RES,residential,854869,9.9,46.38923,468.80508
2010-11,NY,New York,RES,residential,6968631,18.25,659.2644,3611.57084
2010-11,NC,North Carolina,RES,residential,4204050,10.08,355.36078,3523.95398
2010-12,IL,Illinois,RES,residential,5079692,10.64,466.15296,4382.51051
2010-12,IN,Indiana,RES,residential,2751510,9.34,329.39902,3528.02166
2010-12,IA,Iowa,RES,residential,1332676,9.71,143.53745,1478.99211
2010-01,VA,Virginia,RES,residential,3199220,9.96,554.11753,5561.80017
2010-01,WA,Washington,RES,residential,2812518,7.69,320.08728,4160.9464
2008-07,NEW,New England,RES,residential,6133982,17.73,846.94565,4776.5967
2008-07,MAT,Middle Atlantic,RES,residential,15527702,16.4,2286.26708,13942.64994
2008-07,ENC,East North Central,RES,residential,19571934,10.96,2108.30639,19235.14279
2008-07,WNC,West North Central,RES,residential,9026694,9.82,1007.56353,10263.81152
2008-07,SAT,South Atlantic,RES,residential,25477354,11.21,4003.18059,35702.49334
2008-07,ESC,East South Central,RES,residential,7974002,9.82,1203.79576,12255.00281
2008-07,WSC,West South Central,RES,residential,14338712,12.89,2887.76402,22405.88716
2008-07,MTN,Mountain,RES,residential,8907002,10.58,1156.09168,10922.48495
2008-07,PACC,Pacific Contiguous,RES,residential,17524330,12.52,1659.63777,13255.39896
2008-07,PACN,Pacific Noncontiguous,RES,residential,679537,29.01,121.76208,419.68382
2008-07,US,U.S. Total,RES,residential,125161249,12.07,17281.31454,143179.15198
2008-08,NV,Nevada,RES,residential,1059833,11.23,189.39604,1686.8798
2010-01,WV,West Virginia,RES,residential,868434,8.21,128.61951,1567.53613
2010-01,WI,Wisconsin,RES,residential,2596588,11.97,275.17483,2298.17166
2010-01,WY,Wyoming,RES,residential,257183,8.04,27.80127,345.94413
2010-01,NEW,New England,RES,residential,6160797,16.33,778.36068,4767.38773
2008-07,PA,Pennsylvania,RES,residential,5227981,12.22,633.45427,5183.08951
2008-07,RI,Rhode Island,RES,residential,434058,17.89,63.60617,355.49094
2008-07,SC,South Carolina,RES,residential,2081435,10.17,328.20451,3226.13985
2008-07,SD,South Dakota,RES,residential,364223,9,31.53474,350.49224
2008-07,TN,Tennessee,RES,residential,2690085,8.96,365.70431,4079.43054
2008-07,TX,Texas,RES,residential,9466729,14.06,2070.36495,14723.67213
2008-07,UT,Utah,RES,residential,924400,8.79,95.41741,1085.52088
2008-07,VT,Vermont,RES,residential,306049,14.52,27.29054,187.96091
2008-07,VA,Virginia,RES,residential,3168226,10.77,484.4804,4498.81186
2008-07,WA,Washington,RES,residential,2793807,7.7,189.61511,2462.75089
2008-07,WV,West Virginia,RES,residential,862327,7.22,68.99211,956.07615
2008-07,WI,Wisconsin,RES,residential,2581355,11.94,241.07107,2019.80036
2008-07,WY,Wyoming,RES,residential,253755,8.94,17.88985,200.09522
2008-08,KY,Kentucky,RES,residential,1931800,8.16,215.74422,2643.40856
2010-11,MAT,Middle Atlantic,RES,residential,15670059,15.54,1462.35839,9410.53112
2010-11,ENC,East North Central,RES,residential,19508777,11.65,1548.98183,13292.36499
2010-12,NE,Nebraska,RES,residential,803462,7.98,80.5061,1008.49992
2010-12,NV,Nevada,RES,residential,1064953,11.61,98.47894,848.43523
2010-12,NH,New Hampshire,RES,residential,597070,16.45,64.28319,390.76693
2016-11,AZ,Arizona,RES,residential,2740740,11.6,222.64407,1919.10265
2008-03,TX,Texas,RES,residential,9456314,11.97,1010.69109,8444.92439
2008-03,UT,Utah,RES,residential,923068,7.83,51.30605,655.51341
2008-03,VT,Vermont,RES,residential,305081,14.39,27.53418,191.28259
2008-03,VA,Virginia,RES,residential,3162260,8.56,299.54188,3500.67147
2008-03,WA,Washington,RES,residential,2785782,7.48,270.06022,3611.88815
2008-03,WV,West Virginia,RES,residential,864186,6.73,73.31527,1089.46442
2008-03,WI,Wisconsin,RES,residential,2573966,11.09,207.87288,1874.40173
2008-03,WY,Wyoming,RES,residential,251771,7.76,20.16325,259.99817
2008-03,NEW,New England,RES,residential,6138687,16.97,691.73845,4075.54579
2008-03,MAT,Middle Atlantic,RES,residential,15526625,13.56,1487.41433,10967.11156
2008-03,ENC,East North Central,RES,residential,19636287,9.66,1558.89833,16143.05476
2008-03,WNC,West North Central,RES,residential,9008431,7.93,705.52453,8896.76826
2008-03,SAT,South Atlantic,RES,residential,25474546,10.01,2512.28563,25101.89137
2009-12,MD,Maryland,RES,residential,2193715,14.25,371.1174,2604.33616
2009-12,MA,Massachusetts,RES,residential,2671131,14.67,259.65731,1769.46623
2009-12,MI,Michigan,RES,residential,4261806,11.44,363.94244,3180.29925
2009-12,MN,Minnesota,RES,residential,2295018,9.76,216.95942,2222.01216
2009-12,MS,Mississippi,RES,residential,1246128,9.54,137.64881,1443.16427
2009-12,MO,Missouri,RES,residential,2690058,7.42,259.31705,3492.85549
2009-12,MT,Montana,RES,residential,468457,8.67,44.91582,517.80562
2009-12,NE,Nebraska,RES,residential,803886,7.63,76.24903,999.37063
2009-12,NV,Nevada,RES,residential,1056485,13,116.35986,895.37806
2008-03,SD,South Dakota,RES,residential,361504,7.73,31.66708,409.87111
2009-11,NV,Nevada,RES,residential,1050868,13.73,79.11998,576.45456
2009-11,NH,New Hampshire,RES,residential,590134,16.32,54.81061,335.94088
2009-11,NJ,New Jersey,RES,residential,3476020,15.5,288.29387,1860.23659
2009-11,NM,New Mexico,RES,residential,846844,9.54,45.24904,474.20257
2009-11,NY,New York,RES,residential,6918595,16.82,599.44669,3564.89398
2009-11,NC,North Carolina,RES,residential,4186657,10.22,351.52615,3439.4228
2009-11,ND,North Dakota,RES,residential,323984,7.56,27.32949,361.71804
2009-11,OH,Ohio,RES,residential,4875244,10.65,388.61483,3649.13532
2009-11,OK,Oklahoma,RES,residential,1647668,8.16,104.54463,1280.68797
2009-11,OR,Oregon,RES,residential,1623630,8.77,147.35614,1680.40419
2009-11,PA,Pennsylvania,RES,residential,5235761,11.57,446.61253,3861.06541
2009-11,RI,Rhode Island,RES,residential,434212,15.34,33.03438,215.3295
2009-11,SC,South Carolina,RES,residential,2087156,10.91,197.91686,1813.68278
2009-11,SD,South Dakota,RES,residential,367833,8.49,30.3934,357.82718
2009-12,LA,Louisiana,RES,residential,1953390,7.6,169.11956,2225.40835
2009-12,ME,Maine,RES,residential,697759,15.52,64.33416,414.49425
2008-03,ESC,East South Central,RES,residential,7950667,8.34,790.67198,9481.97755
2008-03,WSC,West South Central,RES,residential,14305557,10.8,1436.45366,13299.39982
2008-04,AL,Alabama,RES,residential,2105772,9.89,187.99019,1901.68479
2008-04,AK,Alaska,RES,residential,268005,17.38,29.42178,169.28178
2008-04,AZ,Arizona,RES,residential,2526008,10.02,185.75572,1853.92167
2008-04,AR,Arkansas,RES,residential,1307125,9.43,102.80019,1089.78881
2008-04,CA,California,RES,residential,12852393,12.93,824.76071,6379.40396
2008-05,AL,Alabama,RES,residential,2107745,10.01,219.02739,2187.28234
2008-05,AK,Alaska,RES,residential,268879,17.55,27.03346,154.04247
2008-05,AZ,Arizona,RES,residential,2520611,11.03,254.3845,2307.1432
2008-06,AL,Alabama,RES,residential,2109206,10.96,339.62033,3098.36761
2008-06,AK,Alaska,RES,residential,269489,16.8,23.96871,142.65747
2010-04,IL,Illinois,RES,residential,5082494,11.61,330.39926,2846.32706
2010-04,IN,Indiana,RES,residential,2742962,10.12,193.75547,1914.61735
2010-04,IA,Iowa,RES,residential,1327180,10.72,102.76077,958.17227
2010-05,CO,Colorado,RES,residential,2125885,11.48,143.61006,1250.77243
2008-08,ND,North Dakota,RES,residential,319286,8.4,24.92118,296.74057
2008-08,OH,Ohio,RES,residential,4884204,10.8,542.15132,5018.7163
2008-08,OK,Oklahoma,RES,residential,1636650,10.43,257.59852,2469.98586
2008-08,OR,Oregon,RES,residential,1617780,8.57,119.23345,1390.56091
2008-08,PA,Pennsylvania,RES,residential,5228976,11.93,553.31461,4637.88103
2008-12,CO,Colorado,RES,residential,2181829,9.46,154.61674,1635.1967
2008-12,CT,Connecticut,RES,residential,1445656,19.52,242.9708,1244.49389
2009-08,AL,Alabama,RES,residential,2130691,10.91,358.80238,3288.58024
2009-11,TN,Tennessee,RES,residential,2692012,8.87,225.34082,2540.64664
2009-11,TX,Texas,RES,residential,9460447,12.08,868.76332,7192.88166
2009-11,UT,Utah,RES,residential,934578,7.99,47.44587,593.97814
2009-11,VT,Vermont,RES,residential,307253,14.91,23.33708,156.56027
2009-11,VA,Virginia,RES,residential,3197150,10.51,317.34725,3019.06697
2009-11,WA,Washington,RES,residential,2792080,7.73,221.69083,2867.10532
2009-11,WV,West Virginia,RES,residential,866703,8.39,73.97122,881.53474
2009-11,WI,Wisconsin,RES,residential,2583449,11.79,202.35836,1716.48179
2009-11,WY,Wyoming,RES,residential,254776,8.56,20.2283,236.22178
2009-11,NEW,New England,RES,residential,6128420,17,573.0312,3371.47072
2009-11,MAT,Middle Atlantic,RES,residential,15630376,14.37,1334.35309,9286.19598
2009-11,ENC,East North Central,RES,residential,19519072,10.83,1468.20534,13551.67157
2009-11,WNC,West North Central,RES,residential,9007646,8.78,646.52709,7361.02417
2009-11,SAT,South Atlantic,RES,residential,25866003,11.38,2648.84752,23285.06289
2009-11,ESC,East South Central,RES,residential,7995399,9.26,687.21354,7422.27635
2009-11,WSC,West South Central,RES,residential,14376739,10.6,1204.6377,11362.82486
2009-11,MTN,Mountain,RES,residential,8880483,9.78,613.69394,6274.23986
2009-11,PACC,Pacific Contiguous,RES,residential,16910724,11.24,1199.26124,10669.7949
2009-11,PACN,Pacific Noncontiguous,RES,residential,683482,22.19,98.39054,443.41685
2009-11,US,U.S. Total,RES,residential,124998344,11.26,10474.16119,93027.97812
2009-12,NJ,New Jersey,RES,residential,3437030,15.63,377.33944,2413.74854
2009-12,NM,New Mexico,RES,residential,849334,9.31,61.20013,657.57867
2009-12,NY,New York,RES,residential,6939350,17.51,744.03861,4249.30196
2009-12,NC,North Carolina,RES,residential,4190949,9.5,493.5587,5194.88715
2009-12,ND,North Dakota,RES,residential,324708,6.99,35.88689,513.32428
2009-12,OH,Ohio,RES,residential,4883376,10.31,532.81335,5169.93801
2010-04,MN,Minnesota,RES,residential,2298156,10.33,156.99859,1520.11769
2019-09,FL,Florida,RES,residential,9600439,11.82,1534.18543,12976.52405
2010-11,NEW,New England,RES,residential,6165345,16.18,566.65873,3502.59731
2009-11,MO,Missouri,RES,residential,2689273,7.71,177.78448,2304.78683
2009-11,MT,Montana,RES,residential,466553,8.87,34.84975,393.0787
2009-11,NE,Nebraska,RES,residential,800902,8.07,58.30973,722.68844
2009-12,CT,Connecticut,RES,residential,1451134,19.92,229.58988,1152.7725
2009-12,DE,Delaware,RES,residential,394429,13.81,49.70137,359.93754
2009-12,DC,District of Columbia,RES,residential,226030,13.44,23.28833,173.32576
2009-12,FL,Florida,RES,residential,8491760,12.22,1039.85992,8508.12665
2009-12,GA,Georgia,RES,residential,4067579,9.14,437.68532,4790.26538
2009-12,HI,Hawaii,RES,residential,414256,26.26,66.75206,254.19824
2009-12,ID,Idaho,RES,residential,662583,8.48,84.37201,994.89305
2009-12,IL,Illinois,RES,residential,5071085,10.3,431.72218,4191.56433
2009-12,IN,Indiana,RES,residential,2745206,8.74,290.15984,3319.32846
2009-12,IA,Iowa,RES,residential,1328589,9.36,132.51758,1416.15323
2009-12,KS,Kansas,RES,residential,1210978,8.77,108.92064,1241.47171
2009-12,KY,Kentucky,RES,residential,1933432,8.03,213.09757,2654.23447
2020-02,MAT,Middle Atlantic,RES,residential,16296780,15.47,1643.91542,10627.81195
2020-02,ENC,East North Central,RES,residential,20360421,13.12,2055.62414,15668.23253
2020-02,WNC,West North Central,RES,residential,9586466,10.87,998.76849,9187.55346
2020-02,SAT,South Atlantic,RES,residential,28473251,11.73,3268.25872,27866.0127
2020-08,MT,Montana,RES,residential,523184,11.66,51.93991,445.28731
2020-08,NE,Nebraska,RES,residential,866775,11.76,114.86302,976.70055
2020-08,NV,Nevada,RES,residential,1230159,10.75,222.12497,2065.47336
2020-08,NH,New Hampshire,RES,residential,634997,18.26,91.40148,500.67759
2020-06,DE,Delaware,RES,residential,445832,13.07,53.90081,412.52346
2020-06,DC,District of Columbia,RES,residential,290568,12.78,25.49781,199.5698
2020-07,NE,Nebraska,RES,residential,867687,11.51,134.03133,1164.76207
2020-08,MS,Mississippi,RES,residential,1309093,10.66,218.1005,2046.57738
2008-12,NY,New York,RES,residential,6914618,16.63,710.8297,4274.71153
2008-12,NC,North Carolina,RES,residential,4166723,9.29,493.85022,5316.38045
2008-12,ND,North Dakota,RES,residential,320871,6.84,35.95804,526.08851
2008-12,OH,Ohio,RES,residential,4892249,9.48,523.61284,5521.81635
2008-12,MD,Maryland,RES,residential,2183400,13.89,352.77416,2539.70999
2009-08,CT,Connecticut,RES,residential,1444390,20.22,248.17556,1227.62076
2020-08,MO,Missouri,RES,residential,2846817,12.72,446.38484,3508.53864
2016-11,AR,Arkansas,RES,residential,1371364,10.11,110.30273,1091.23902
2016-11,CA,California,RES,residential,13239239,17.93,1109.62211,6187.82897
2016-11,CO,Colorado,RES,residential,2271616,12.27,163.89003,1335.71745
2018-08,AR,Arkansas,RES,residential,1391939,10.01,195.0949,1949.34779
2008-10,IN,Indiana,RES,residential,2729180,10.08,217.81285,2161.15768
2008-10,IA,Iowa,RES,residential,1328229,10,89.14777,891.51108
2008-10,KS,Kansas,RES,residential,1254830,8.85,73.89777,835.0735
2008-10,KY,Kentucky,RES,residential,1929805,8.78,152.74466,1740.51068
2008-10,LA,Louisiana,RES,residential,1926324,10.95,239.02952,2183.54486
2008-10,ME,Maine,RES,residential,695740,16.49,54.46248,330.24219
2008-10,MD,Maryland,RES,residential,2179861,14.65,261.22798,1783.69411
2008-10,MA,Massachusetts,RES,residential,2657827,19.7,255.39587,1296.63881
2008-10,MI,Michigan,RES,residential,4285671,10.94,254.19702,2322.87676
2008-10,MN,Minnesota,RES,residential,2288286,10.02,151.13464,1507.7482
2008-10,MS,Mississippi,RES,residential,1239896,10.83,144.41352,1332.85656
2008-10,MO,Missouri,RES,residential,2683165,8.4,176.84134,2105.39235
2008-10,MT,Montana,RES,residential,460276,9.36,29.01235,309.93344
2008-10,NE,Nebraska,RES,residential,797336,8.07,49.83043,617.53314
2008-10,NV,Nevada,RES,residential,1055427,12.07,96.78102,801.99024
2008-10,NH,New Hampshire,RES,residential,595403,16.63,53.08439,319.19887
2008-10,NJ,New Jersey,RES,residential,3403459,15.61,304.12561,1948.39948
2008-11,CT,Connecticut,RES,residential,1450243,19.97,200.23594,1002.78667
2008-11,DE,Delaware,RES,residential,392277,14.61,41.19622,282.00635
2008-11,DC,District of Columbia,RES,residential,219157,13,16.30264,125.37945
2008-11,FL,Florida,RES,residential,8526534,11.97,923.0083,7712.08025
2008-11,GA,Georgia,RES,residential,4039474,9.49,346.73353,3653.04273
2008-11,HI,Hawaii,RES,residential,409466,33.41,81.28547,243.29471
2008-11,ID,Idaho,RES,residential,656647,7.25,51.03291,704.26347
2008-11,IL,Illinois,RES,residential,5094198,12.24,436.40642,3564.28717
2008-11,IN,Indiana,RES,residential,2733332,9.57,241.48431,2522.99054
2008-11,IA,Iowa,RES,residential,1323486,8.98,91.69537,1021.08972
2008-11,KS,Kansas,RES,residential,1258271,8.51,74.5755,876.75527
2008-12,AK,Alaska,RES,residential,268318,16.23,35.39712,218.06927
2008-12,AZ,Arizona,RES,residential,2543789,9.61,208.89843,2174.49521
2008-12,AR,Arkansas,RES,residential,1310559,8.64,133.05633,1539.3589
2008-12,CA,California,RES,residential,13317082,13.7,1082.48169,7904.0588
2020-02,WA,Washington,RES,residential,3133383,9.54,343.87558,3602.7504
2020-02,WV,West Virginia,RES,residential,858947,11.27,118.86417,1054.62847
2020-02,WI,Wisconsin,RES,residential,2729668,14.17,255.8416,1805.2773
2020-02,WY,Wyoming,RES,residential,274999,10.52,30.3684,288.54902
2020-02,NEW,New England,RES,residential,6364607,22.11,832.39566,3765.57034
2008-03,TN,Tennessee,RES,residential,2682319,7.95,282.21247,3550.61262
2008-09,OH,Ohio,RES,residential,4878814,10.63,413.91678,3894.60566
2008-09,OK,Oklahoma,RES,residential,1636592,10.21,181.89683,1781.87928
2008-09,OR,Oregon,RES,residential,1617707,8.71,107.64161,1235.41805
2008-09,PA,Pennsylvania,RES,residential,5234326,11.76,472.64624,4019.42379
2008-09,RI,Rhode Island,RES,residential,433077,18,41.13113,228.4622
2008-09,SC,South Carolina,RES,residential,2075580,10.29,268.78944,2611.88187
2008-09,SD,South Dakota,RES,residential,364053,9.18,27.11054,295.17796
2008-09,TN,Tennessee,RES,residential,2695868,8.93,337.47652,3777.11946
2008-09,TX,Texas,RES,residential,9451865,13.51,1620.09499,11987.61196
2008-09,UT,Utah,RES,residential,926789,8.63,56.79431,657.78423
2008-09,VT,Vermont,RES,residential,307391,14.98,23.33713,155.80274
2008-09,VA,Virginia,RES,residential,3175742,10.53,358.67499,3405.99737
2008-09,WA,Washington,RES,residential,2796412,7.77,172.11051,2215.7622
2008-09,WV,West Virginia,RES,residential,863145,7.44,57.7712,776.10507
2008-09,WI,Wisconsin,RES,residential,2582893,12.15,192.48056,1584.77698
2008-09,WY,Wyoming,RES,residential,253904,8.95,14.20782,158.80101
2008-09,NEW,New England,RES,residential,6133337,18.21,663.96637,3645.91025
2008-09,MAT,Middle Atlantic,RES,residential,15551493,16,1728.93873,10806.14857
2008-09,ENC,East North Central,RES,residential,19554232,10.87,1532.67928,14097.06008
2008-09,WNC,West North Central,RES,residential,9027606,9.29,687.2274,7396.62569
2008-09,SAT,South Atlantic,RES,residential,25650301,11.3,3516.92181,31133.09472
2008-09,ESC,East South Central,RES,residential,7982883,9.65,1026.15745,10635.86851
2008-09,WSC,West South Central,RES,residential,14321030,12.55,2265.56578,18054.16803
2008-09,MTN,Mountain,RES,residential,8889289,10.38,877.51447,8452.88555
2008-09,PACC,Pacific Contiguous,RES,residential,17288983,12.38,1542.17242,12453.69507
2008-09,PACN,Pacific Noncontiguous,RES,residential,681145,29.6,119.21026,402.6789
2008-09,US,U.S. Total,RES,residential,125080299,11.92,13960.35395,117078.13536
2008-10,HI,Hawaii,RES,residential,410288,35.74,91.1211,254.98173
2008-10,ID,Idaho,RES,residential,656807,7.4,42.89283,579.69645
2008-10,IL,Illinois,RES,residential,5080545,12.05,376.83227,3128.42989
2008-11,CO,Colorado,RES,residential,2178094,9.97,129.08724,1294.1951
2009-10,PACC,Pacific Contiguous,RES,residential,17578914,11.94,1361.68977,11399.77382
2009-10,PACN,Pacific Noncontiguous,RES,residential,684497,22.82,99.80586,437.42589
2009-10,US,U.S. Total,RES,residential,125502921,11.65,11481.04452,98552.02288
2009-11,KS,Kansas,RES,residential,1211736,9.5,82.31661,866.37267
2009-11,KY,Kentucky,RES,residential,1927290,8.05,142.2428,1766.55285
2009-11,LA,Louisiana,RES,residential,1951631,7.39,136.68783,1848.84806
2009-11,ME,Maine,RES,residential,697323,15.54,53.18431,342.3498
2009-11,MD,Maryland,RES,residential,2191224,14.16,258.81125,1827.75872
2009-11,MA,Massachusetts,RES,residential,2651810,15.85,228.65972,1442.34709
2009-11,MI,Michigan,RES,residential,4253372,11.47,303.61599,2648.04552
2009-11,MN,Minnesota,RES,residential,2290218,9.97,171.5034,1720.6851
2009-11,MS,Mississippi,RES,residential,1245134,10.37,114.30002,1101.98228
2016-11,ME,Maine,RES,residential,683385,16.21,53.32149,328.958
2019-11,ENC,East North Central,RES,residential,20329569,13.49,1940.35588,14384.10174
2019-11,WNC,West North Central,RES,residential,9593748,11.22,895.89392,7983.06783
2019-11,SAT,South Atlantic,RES,residential,28556423,12,3179.94667,26503.74073
2019-11,ESC,East South Central,RES,residential,8477092,11.52,975.77316,8471.47114
2019-12,UT,Utah,RES,residential,1127058,10.07,86.41512,858.0222
2019-12,VT,Vermont,RES,residential,316111,19.23,38.90803,202.32821
2019-12,VA,Virginia,RES,residential,3480381,11.73,524.25206,4468.25652
2019-12,WA,Washington,RES,residential,3142264,9.57,373.98932,3908.73754
2010-07,AL,Alabama,RES,residential,2151158,10.79,415.22374,3848.86356
2010-07,US,U.S. Total,RES,residential,126011081,12.04,18619.49465,154688.71374
2010-11,OR,Oregon,RES,residential,1629977,8.98,145.30055,1617.80814
2010-11,PA,Pennsylvania,RES,residential,5245980,12.68,495.8967,3911.46904
2010-11,RI,Rhode Island,RES,residential,434780,15.97,36.47669,228.41476
2010-11,SC,South Carolina,RES,residential,2098908,11.14,207.32258,1861.68058
2010-11,SD,South Dakota,RES,residential,371410,9.19,30.76929,334.84396
2010-11,TN,Tennessee,RES,residential,2700213,10.19,257.54415,2526.70772
2010-11,TX,Texas,RES,residential,9578689,11.32,863.22333,7623.61708
2010-11,UT,Utah,RES,residential,938831,8.15,51.32684,629.63019
2009-12,NH,New Hampshire,RES,residential,591161,16.17,62.91146,389.00561
2010-12,MN,Minnesota,RES,residential,2306471,10.32,230.39214,2232.80557
2010-11,VT,Vermont,RES,residential,308074,15.85,25.48922,160.85712
2010-11,VA,Virginia,RES,residential,3304237,10.27,314.44218,3062.39375
2010-11,WA,Washington,RES,residential,2816229,8.23,229.25402,2786.23914
2010-12,LA,Louisiana,RES,residential,2001856,8.19,194.90243,2379.28688
2010-12,ME,Maine,RES,residential,700724,15.76,67.95876,431.33179
2010-12,MD,Maryland,RES,residential,2204937,13.21,374.17916,2832.93804
2010-12,MA,Massachusetts,RES,residential,2666461,14.42,277.10895,1921.46639
2010-12,MI,Michigan,RES,residential,4250390,12.05,385.49341,3199.53703
2020-04,NY,New York,RES,residential,7255797,17.35,617.60957,3559.95949
2020-04,NC,North Carolina,RES,residential,4670238,11.87,449.57355,3788.70193
2020-04,ND,North Dakota,RES,residential,386230,10.15,41.61335,409.92603
2020-05,IL,Illinois,RES,residential,5333881,14.29,464.68322,3251.43286
2020-05,IN,Indiana,RES,residential,2912117,12.9,289.20118,2242.53037
2020-05,IA,Iowa,RES,residential,1401109,13.77,129.02026,936.91491
2020-05,KS,Kansas,RES,residential,1284710,14.21,124.49537,876.14629
2020-05,KY,Kentucky,RES,residential,2009645,11.12,200.0532,1799.74851
2020-05,LA,Louisiana,RES,residential,2106007,9.87,217.50926,2204.83593
2020-05,ME,Maine,RES,residential,700810,16.83,60.58027,359.95718
2020-05,MD,Maryland,RES,residential,2373143,13.21,247.84534,1876.12644
2020-05,MA,Massachusetts,RES,residential,2816886,22.16,316.34678,1427.53596
2020-05,MI,Michigan,RES,residential,4414009,16.2,420.14958,2593.0443
2020-05,MN,Minnesota,RES,residential,2458845,13.45,211.49641,1572.02169
2020-05,MS,Mississippi,RES,residential,1302386,11.75,142.54347,1213.13021
2020-06,AR,Arkansas,RES,residential,1414248,10.67,158.9729,1490.14594
2020-06,CA,California,RES,residential,13903947,19.71,1582.68288,8031.15053
2020-06,CO,Colorado,RES,residential,2398334,12.82,239.4955,1868.00017
2020-06,CT,Connecticut,RES,residential,1522432,22.02,258.09547,1172.11992
2010-05,CT,Connecticut,RES,residential,1451613,20.04,165.046,823.43144
2010-05,DE,Delaware,RES,residential,395397,14.72,39.72211,269.82171
2010-05,DC,District of Columbia,RES,residential,227319,14,18.89446,135.00468
2010-05,FL,Florida,RES,residential,8498655,11.55,1020.71027,8840.45525
2010-05,GA,Georgia,RES,residential,4034702,10.22,400.51405,3918.57917
2010-05,HI,Hawaii,RES,residential,413369,28.25,69.88929,247.41802
2010-05,ID,Idaho,RES,residential,663713,8.02,45.27208,564.72841
2010-05,IL,Illinois,RES,residential,5068061,12.05,376.45405,3123.27691
2010-05,IN,Indiana,RES,residential,2736059,10.23,225.94938,2208.76026
2010-06,AR,Arkansas,RES,residential,1326600,9.46,156.78215,1656.81192
2010-06,CA,California,RES,residential,12874470,15,1040.18961,6934.20802
2010-06,CO,Colorado,RES,residential,2129808,11.89,182.55048,1535.1022
2010-06,CT,Connecticut,RES,residential,1448338,19.4,201.56656,1039.24925
2010-06,DE,Delaware,RES,residential,396095,14.43,51.24878,355.17211
2015-06,WV,West Virginia,RES,residential,859876,10.47,90.29431,862.29759
2015-06,WI,Wisconsin,RES,residential,2645155,14.94,234.78929,1571.23959
2015-06,WY,Wyoming,RES,residential,268117,11.36,22.10292,194.59134
2015-06,NEW,New England,RES,residential,6328704,19.73,691.82208,3506.13927
2015-06,MAT,Middle Atlantic,RES,residential,15861048,16.44,1784.39188,10852.29355
2015-06,ENC,East North Central,RES,residential,19787025,13.23,1945.90322,14713.85592
2016-02,MI,Michigan,RES,residential,4301813,14.78,397.75324,2691.55169
2016-02,MN,Minnesota,RES,residential,2367539,12.05,230.22328,1911.0174
2016-02,MS,Mississippi,RES,residential,1273397,10.25,160.42493,1565.70155
2016-02,MO,Missouri,RES,residential,2748236,9.52,291.50901,3063.48671
2016-03,NM,New Mexico,RES,residential,875960,11.4,51.0878,447.99763
2016-03,NY,New York,RES,residential,7103734,16.79,650.16045,3871.53938
2016-03,NC,North Carolina,RES,residential,4406254,11.54,484.10918,4193.69685
2015-07,FL,Florida,RES,residential,8954976,11.65,1506.51928,12934.77235
2015-07,GA,Georgia,RES,residential,4193548,13.35,858.21679,6429.16852
2015-07,HI,Hawaii,RES,residential,428568,30.04,72.78759,242.33969
2016-03,ND,North Dakota,RES,residential,376560,9.74,40.05396,411.15759
2016-11,DC,District of Columbia,RES,residential,261681,13.08,18.39105,140.55863
2016-11,FL,Florida,RES,residential,9356236,11.08,918.22703,8290.87604
2018-08,RI,Rhode Island,RES,residential,444229,18.7,70.76507,378.36483
2020-09,DE,Delaware,RES,residential,448088,11.96,57.6637,482.08999
2020-09,DC,District of Columbia,RES,residential,292733,12.55,27.67974,220.6278
2020-09,FL,Florida,RES,residential,9773791,11.65,1525.98083,13101.14102
2015-05,MI,Michigan,RES,residential,4274013,14.18,337.46284,2379.91206
2015-05,MN,Minnesota,RES,residential,2383585,12.47,183.36169,1470.61687
2015-05,MS,Mississippi,RES,residential,1269298,11.78,140.18904,1189.71316
2016-01,ID,Idaho,RES,residential,708724,9.51,88.95103,935.25727
2016-01,IL,Illinois,RES,residential,5222482,11.77,495.16816,4208.79148
2016-01,IN,Indiana,RES,residential,2814773,10.8,361.67526,3347.78064
2016-01,IA,Iowa,RES,residential,1355216,10.18,156.8858,1541.46414
2016-02,CO,Colorado,RES,residential,2250972,11.44,164.92199,1441.84287
2016-03,AK,Alaska,RES,residential,281745,19.73,33.60517,170.31861
2016-03,AZ,Arizona,RES,residential,2725524,11.68,216.65945,1854.36995
2016-03,AR,Arkansas,RES,residential,1366339,9.64,122.01805,1265.60184
2016-03,CA,California,RES,residential,13874320,17.65,1137.99662,6446.87739
2016-03,CO,Colorado,RES,residential,2251452,11.4,162.49434,1425.39872
2016-11,KY,Kentucky,RES,residential,1960016,11.23,184.00972,1638.7386
2015-05,MO,Missouri,RES,residential,2731390,12.05,253.47233,2103.23061
2015-05,MT,Montana,RES,residential,490405,11.18,36.47082,326.20431
2015-06,ME,Maine,RES,residential,707165,15.48,51.43765,332.27553
2015-06,MD,Maryland,RES,residential,2254665,14.58,309.79868,2124.68506
2015-06,MA,Massachusetts,RES,residential,2790777,19.54,295.76557,1513.6269
2015-06,MI,Michigan,RES,residential,4278100,14.65,373.04634,2546.11507
2016-11,LA,Louisiana,RES,residential,2064287,9.38,190.96236,2036.93713
2015-05,US,U.S. Total,RES,residential,129550528,12.93,12300.26196,95160.53288
2015-06,VA,Virginia,RES,residential,3329373,11.82,473.37765,4004.77878
2015-06,WA,Washington,RES,residential,2940289,9.43,221.07368,2343.52772
2015-07,CT,Connecticut,RES,residential,1466473,20.47,246.59452,1204.42849
2015-07,DE,Delaware,RES,residential,414994,13.2,64.31187,487.37261
2015-07,DC,District of Columbia,RES,residential,247099,13.64,37.37494,273.93703
2015-08,AL,Alabama,RES,residential,2186331,11.97,408.65697,3412.66712
2015-08,AK,Alaska,RES,residential,283396,20.67,29.73663,143.85015
2019-05,SC,South Carolina,RES,residential,2327382,12.57,312.1681,2483.04074
2020-08,NEW,New England,RES,residential,6480770,21.02,1114.86956,5304.41568
2020-08,MAT,Middle Atlantic,RES,residential,16303990,16.04,2472.39711,15416.47682
2020-08,ENC,East North Central,RES,residential,20458535,13.42,2639.94031,19676.96094
2019-03,SAT,South Atlantic,RES,residential,28199166,11.85,3240.23829,27336.504
2019-03,ESC,East South Central,RES,residential,8425450,11.27,1029.56432,9138.00733
2019-03,WSC,West South Central,RES,residential,16614350,10.93,1755.60291,16057.08387
2019-03,MTN,Mountain,RES,residential,9957937,11.52,824.85842,7161.34405
2020-08,NY,New York,RES,residential,7229660,18.43,1098.11416,5958.49274
2020-08,NC,North Carolina,RES,residential,4716320,11.42,708.75231,6206.14839
2020-08,ND,North Dakota,RES,residential,386985,11.84,44.00117,371.60594
2020-08,OH,Ohio,RES,residential,5023995,12.27,650.03892,5299.60404
2020-08,OK,Oklahoma,RES,residential,1800076,10.43,279.05298,2675.32003
2020-08,OR,Oregon,RES,residential,1788639,11.34,178.05259,1569.92799
2020-08,PA,Pennsylvania,RES,residential,5455650,13.27,759.25918,5720.60564
2020-08,RI,Rhode Island,RES,residential,451797,22.13,84.84514,383.36951
2020-08,SC,South Carolina,RES,residential,2388209,12.78,439.49967,3439.8636
2020-08,SD,South Dakota,RES,residential,408453,12.64,56.64914,448.0895
2019-05,TX,Texas,RES,residential,11330227,12.01,1308.77974,10893.88181
2019-05,UT,Utah,RES,residential,1114009,10.3,65.29056,633.7075
2020-02,ESC,East South Central,RES,residential,8419391,11.09,1081.30368,9753.45413
2020-02,WSC,West South Central,RES,residential,16650005,10.95,1816.36686,16589.20452
2020-02,MTN,Mountain,RES,residential,10099442,11.3,831.28763,7356.30624
2020-02,PACC,Pacific Contiguous,RES,residential,18210756,15.9,1736.46705,10920.71645
2020-02,PACN,Pacific Noncontiguous,RES,residential,754077,27.57,106.9622,388.01958
2020-02,US,U.S. Total,RES,residential,135215196,12.82,14371.34984,112122.8819
2020-07,ENC,East North Central,RES,residential,20472935,13.27,3036.89456,22877.34576
2020-07,WNC,West North Central,RES,residential,9669326,13.01,1529.55124,11756.29396
2020-07,SAT,South Atlantic,RES,residential,28819961,11.86,5012.72286,42264.15944
2020-07,ESC,East South Central,RES,residential,8604109,11.2,1452.00776,12968.12347
2020-07,WSC,West South Central,RES,residential,16933623,11.12,3022.51109,27171.69404
2020-07,MTN,Mountain,RES,residential,10150464,12.06,1561.49642,12944.93695
2020-07,PACC,Pacific Contiguous,RES,residential,19239865,17.24,2545.24516,14763.5626
2020-08,NJ,New Jersey,RES,residential,3618680,16.46,615.02377,3737.37844
2020-08,NM,New Mexico,RES,residential,906378,13.77,113.65385,825.42988
2019-05,SD,South Dakota,RES,residential,403255,12.14,40.59472,334.34419
2019-05,TN,Tennessee,RES,residential,2913758,11.04,297.63968,2695.39484
2019-06,NV,Nevada,RES,residential,1203721,11.77,159.2198,1352.54834
2019-05,US,U.S. Total,RES,residential,135405612,13.31,13355.93792,100331.07128
2020-02,TX,Texas,RES,residential,11380770,11.72,1291.7541,11022.8364
2020-02,UT,Utah,RES,residential,1135417,10.05,76.66742,762.58763
2020-02,VT,Vermont,RES,residential,314366,19.47,36.40744,186.97572
2020-02,VA,Virginia,RES,residential,3484488,12.07,448.22025,3714.7129
2020-08,VT,Vermont,RES,residential,318166,19.24,36.94937,192.0869
2020-05,ESC,East South Central,RES,residential,8464430,11.56,915.18277,7918.33102
2020-05,WSC,West South Central,RES,residential,16769533,11.28,1884.33804,16707.74189
2020-05,MTN,Mountain,RES,residential,10118737,11.91,1035.46417,8691.48246
2020-05,PACC,Pacific Contiguous,RES,residential,18631673,15.85,1786.96421,11277.12738
2020-05,PACN,Pacific Noncontiguous,RES,residential,755520,27.73,105.04947,378.8775
2020-05,US,U.S. Total,RES,residential,136178906,13.1,13841.02937,105680.94308
2020-06,ID,Idaho,RES,residential,781293,10.45,65.77039,629.3622
2007-07,AL,Alabama,RES,residential,,9.46,327.35707,3460.46888
2007-07,AK,Alaska,RES,residential,,15.86,22.78513,143.64802
2007-07,AZ,Arizona,RES,residential,,10.37,456.44283,4399.49881
